2324 3631
638 286 991 338 ESCHARA
1039 287 1446 338 DESHAYSII

741 431 1236 469 MILNE-EDWARDS

183 551 240 599 L.
264 548 536 617 soliacea‚
582 546 778 594 cellulis
813 545 1052 613 repandis
1080 585 1092 608 ,
1147 546 1497 608 semilunatis‚
1551 545 1654 593 late
1691 545 1886 593 circiter

235 633 584 702 foraminibus
617 632 832 701 obliquis
868 634 1092 698 signatis.

217 768 691 820 Miltia-Edwards.
731 779 829 817 ταν.
874 768 1053 834 lofig.
1092 769 1126 830 4
1157 783 1278 834 pag.
1325 785 1375 815 ιι
1422 771 1502 816 cit.
1540 769 1635 816 loc.

269 894 512 955 Habitat
558 939 570 952 .
613 939 625 952 .
674 939 687 951 .
737 894 1063 976 Reperitur
1107 913 1304 975 prope
1351 894 1536 951 Dove'.

683 1051 1033 1099 ESCHARA
1094 1049 1398 1098 AFFINIS

810 1191 1311 1229 MILNE-EDWARDS

180 1294 240 1343 L.
276 1293 380 1340 late
417 1307 626 1339 ramosa
651 1312 671 1345 ‚·
720 1290 916 1338 cellulis
961 1289 1194 1354 oblongis
1219 1327 1232 1351 ‚
1285 1288 1562 1356 obliquatis
1591 1326 1604 1350 ‚
1646 1287 1900 1352 distinctis,

246 1379 474 1444 margine
511 1388 716 1425 extenso
749 1415 762 1440 ,
800 1376 1137 1441 sexangulari
1156 1414 1169 1439 9
1206 1376 1605 1442 circumscriptiS.

210 1480 681 1532 Miltia-Edwards.
719 1481 799 1528 cit.
837 1480 947 1528 loco
980 1495 1103 1547 pag.
1148 1496 1225 1528 12.

266 1598 515 1659 Habitat
558 1644 571 1657 .
618 1644 631 1657 .
681 1645 694 1656 .
741 1599 1066 1680 Reperitut·
1112 1618 1304 1680 prope
1326 1599 1506 1656 Dove'.

702 1756 1058 1805 ESCHARA
1103 1755 1405 1804 POROSA

782 1898 1287 1937 MILNE-EDWARDS

190 1999 247 2047 L.
285 2012 518 2056 ramosa3
557 1996 751 2044 cellulis
776 1997 996 2062 sparsis,
1029 1994 1350 2058 indistinctis,
1386 1996 1530 2062 poris
1550 1995 1887 2043 minutissimis

247 2083 616 2150 irregularibus
654 2082 872 2150 undique
900 2083 1164 2150 insculpta.

209 2187 682 2241 [stilae-Edwards.
721 2189 803 2236 cit.
841 2187 973 2236 loco.
1005 2205 1128 2256 pag.
1158 2190 1233 2238 13.
1271 2188 1376 2236 tab.
1422 2206 1499 2235 11.
1522 2187 1618 2254 fig.
1660 2207 1706 2254 7.

267 2310 445 2369 Circa
492 2306 645 2367 hanc
685 2309 955 2389 speciem
993 2321 1161 2366 notat
1191 2321 1403 2366 auctor
1430 2308 1893 2390 porosissimam

182 2431 350 2485 esse3
397 2430 580 2492 poros
628 2409 1056 2467 minutissimos
1085 2457 1101 2484 ,
1149 2409 1242 2466 vix
1288 2407 1621 2466 distinctos.

264 2511 421 2586 Quid
465 2525 664 2569 autem
707 2512 893 2592 magis
943 2509 1364 2570 observatione
1411 2507 1655 2590 dignum
1701 2506 1890 2565 habe-

173 2635 302 2673 mus
371 2615 432 2669 in
478 2611 588 2671 hac
635 2614 836 2693 specie
885 2611 1027 2670 illud
1074 2626 1163 2670 est
1204 2642 1223 2687 ,-
1292 2608 1455 2692 quod
1521 2632 1607 2669 eae
1655 2609 1886 2667 laminae

175 2736 309 2795 quae
358 2715 609 2771 invicem
656 2711 1028 2787 incumbunt,
1088 2710 1555 2792 haudquaquam
1580 2708 1791 2768 eadem
1835 2710 1889 2767 vi

176 2835 240 2874 se
286 2813 723 2896 conjunguntur
771 2836 838 2872 ac
886 2816 946 2872 in
996 2815 1230 2872 caeteris
1277 2812 1593 2883 esolzaris‘,
1639 2812 1890 2893 saepius-

177 2937 292 2996 que
310 2914 745 2997 disjunguntur,
763 2916 907 2995 quin
931 2913 1355 2974 detrimentum
1382 2913 1630 2971 afferant
1652 2910 1893 2994 cellulis.

174 3017 331 3089 Quid
375 3017 586 3076 clarius
621 3019 867 3076 innuere
904 3030 1141 3100 poterat
1165 3031 1392 3092 auctor,
1419 3029 1484 3073 ut
1514 3035 1708 3073 meam
1746 3034 1883 3073 sen-

178 3121 423 3176 tentiam
468 3121 768 3200 reciperet
815 3118 1017 3200 quoad
1058 3117 1546 3200 conjunctionem
1579 3115 1891 3191 escharoe,

172 3220 527 3295 etstuscroe?
578 3222 780 3301 itaque
826 3243 946 3279 non
987 3218 1167 3280 modo
1216 3217 1415 3302 quoad
1442 3218 1734 3301 polyp05,
1782 3215 1888 3277 sed
