2324 3631
339 198 377 254 8

334 295 489 377 ipsi,
554 313 661 352 seu
719 290 983 374 polyp0,
1029 289 1447 371 inorganicum
1502 307 1774 369 semper,
1821 286 2049 370 absque

340 395 763 455 communione
810 414 946 453 cum
993 390 1215 474 polypo
1261 388 1401 448 licet
1446 389 1643 448 eidem
1690 387 2009 448 adhaereat.

417 499 631 570 Axem,
678 496 780 576 qui
824 496 886 551 in
931 506 1139 551 centro
1187 493 1522 574 reperitur,
1555 505 1808 549 testatur
1838 492 2053 550 consti-

329 611 524 657 tutum
570 595 876 655 evidenter
922 615 1054 653 esse
1102 592 1433 653 substantia
1479 594 1763 650 continua
1810 591 2053 673 ¹absque

331 721 695 780 organorum
751 696 1003 772 indiciO,
1050 694 1248 777 ejusve
1279 694 1569 753 fracturas
1609 696 1823 752 vitreas
1863 692 2052 752 ferme

327 822 498 876 esse3
546 814 808 858 crustam
855 813 1092 873 autem,
1141 819 1274 878 quae
1331 817 1498 854 axem
1553 796 1744 877 tegit,
1802 797 2055 854 affirmat

327 917 602 962 constare
649 919 718 960 ex
755 902 1020 959 materiis
1061 901 1377 981 sepositis,
1414 912 1596 979 atque
1637 897 1915 973 adnexis,
1953 898 2045 955 ni-

325 1002 534 1085 hilque
573 1018 897 1086 propterea
937 1017 996 1060 et
1034 1023 1226 1074 axem,
1269 1015 1329 1059 et
1367 1014 1663 1071 crustam,
1698 1021 1833 1079 quae
1872 1019 2053 1081 repe-

325 1108 563 1164 riuntur
595 1108 650 1163 in
677 1106 1026 1189 polypariis,
1051 1125 1367 1162 commune
1401 1101 1627 1160 habere
1656 1123 1790 1159 cum
1815 1099 2054 1182 polypo.

413 1209 688 1288 Denique
737 1206 1153 1264 animadvertit
1197 1204 1513 1288 polyparia
1561 1205 1643 1260 ita
1701 1223 1764 1260 se
1831 1200 2056 1259 habere

329 1307 835 1392 quemadmodum
869 1305 1194 1378 mossuscha
1226 1321 1518 1379 testacea,
1543 1319 1801 1384 utroque
1825 1305 1883 1360 in
1914 1324 2058 1361 casu

328 1409 844 1469 transudationem
873 1426 1201 1491 corporum
1225 1409 1611 1465 animantium
1637 1427 1767 1464 esse
1796 1416 2057 1483 causam,

329 1535 436 1571 cur
482 1534 693 1570 eorum
739 1525 1084 1592 tegumenta
1132 1512 1422 1590 originem
1469 1508 1748 1565 habeant.

413 1614 639 1672 Contra
666 1611 1058 1672 sentientibus
1083 1610 1265 1668 multa
1288 1610 1487 1668 favent
1510 1623 1888 1690 argumenta:
1917 1607 2055 1668 hinc

329 1738 466 1775 cum
503 1715 1042 1773 [milne-Edwards
1080 1711 1450 1794 respondeo,
1475 1710 1743 1769 cellulam
1770 1733 1889 1768 non
1923 1732 2054 1769 esse

328 1816 579 1899 simplex
617 1816 958 1899 depositum
997 1817 1259 1873 materiae
1288 1815 1695 1889 transudatce,
1729 1835 1848 1893 quo
1877 1812 2056 1871 modo

330 1922 532 1979 evenit
568 1922 629 1978 in
669 1921 969 1992 testaceis,
1000 1939 1207 1976 verum
1240 1916 1654 1974 conditionem
1693 1914 2060 1997 peculiarem

329 2021 625 2105 generalis
651 2022 1105 2104 tegumentariae
1130 2018 1507 2077 membranae
1537 2016 1610 2075 ad
1643 2039 1779 2075 eum
1810 2016 2057 2075 modum

331 2124 712 2205 compositae,
761 2143 883 2203 quo
933 2122 1272 2202 composita
1320 2134 1410 2179 est
1455 2122 1514 2177 in
1574 2120 1929 2194 crustaceiS,
1975 2120 2060 2176 in-

332 2227 655 2306 sectisque.
702 2223 773 2281 Id
819 2244 887 2281 ex
931 2221 1152 2303 analysi
1202 2220 1523 2279 deducitur
1568 2218 1770 2278 habita
1810 2221 1870 2276 in
1906 2241 2052 2298 gor-

327 2331 558 2408 gonii55
593 2324 877 2407 quodque
923 2325 983 2381 in
1028 2337 1376 2406 tegumento
1423 2323 1669 2404 incipiat
1714 2323 2056 2379 ineremen-

334 2443 462 2487 tum
491 2430 858 2486 minutorum
897 2426 1288 2509 polyporum,
1324 2422 1568 2505 ejusque
1596 2437 1886 2481 texturam
1918 2437 2057 2481 tunc

334 2532 626 2612 temporis
669 2551 921 2611 augere,
967 2530 1052 2586 uti
1088 2541 1256 2585 notat
1295 2528 1506 2584 Pallas
1547 2525 1622 2583 ad
1658 2529 2021 2583 sertularz'ccs
2045 2572 2061 2600 ,

333 2645 555 2692 statuto
603 2631 766 2708 loco,
832 2632 976 2713 quin
1015 2652 1164 2688 nova
1222 2642 1407 2687 strata
1459 2626 1838 2709 adjiciantur3
1880 2625 2055 2708 paulo

333 2749 478 2819 post
543 2734 798 2817 polypos
861 2732 1108 2813 prodire
1167 2752 1234 2789 ex
1294 2730 1403 2789 hac
1464 2729 1831 2788 membrana.
1889 2730 2055 2811 Ergo

328 2859 579 2897 necesse
648 2850 739 2895 est
801 2834 1162 2894 concludere
1220 2856 1332 2917 per
1392 2837 2058 2913 intus-Szcsceptc'onem

337 2954 617 2999 constare
648 2937 1056 3022 polyparium3
1088 2935 1195 2996 hac
1236 2938 1466 2995 ratione
1497 2937 1771 2993 Cavolc'ni
1812 2932 2057 2991 difficul-

337 3054 524 3100 tatem
546 3041 606 3096 in
633 3038 1496 3118 obtinendis,deducendisque
1524 3036 1755 3119 polypis
1781 3033 2056 3092 facillime

339 3141 784 3225 explicabimus.
832 3143 1095 3200 Firmior
1141 3140 1270 3201 haec
1320 3140 1520 3222 opinio
1568 3152 1803 3211 manet,
1853 3137 1902 3195 si
1951 3134 2053 3193 ad-

341 3243 549 3308 damus
606 3247 911 3309 Lamarelc
965 3246 1230 3308 sensisse
1285 3242 1537 3325 polypos
1590 3239 2049 3322 simplicissimae
