2324 3631
406 179 522 255 124

389 278 638 340 tradidit
657 278 961 340 Lamarek
983 276 1125 338 dum
1149 278 1546 339 meandritem
1568 277 1837 339 definivit
1850 328 1866 358 ,
1917 300 2100 364 quam

393 382 767 465 polyparium
807 400 939 439 esse
964 378 1294 462 lapideum,
1340 377 1550 457 fixum,
1596 382 1653 439 in
1684 402 1936 440 massam
1966 384 2104 440 sim-

392 482 612 566 plicem
656 480 1198 564 hernisphaericam,
1243 480 1335 540 vel
1378 480 1837 564 sphaeroideam,
1885 481 2104 565 glome-

385 599 583 642 ratum
609 630 626 658 ,
667 605 847 664 quam
901 603 1221 641 convexam
1286 581 1508 642 habere
1552 584 1969 644 meandrinam
2012 604 2106 642 su-

392 685 704 768 perficiem
736 730 754 759 ,
823 684 1180 744 ambulacris
1246 683 1650 745 subexcavatis
1688 732 1706 760 ,
1770 682 2052 767 repandis
2086 729 2103 758 ,

391 787 693 856 sinuosis;
738 800 999 868 utroque
1044 785 1230 846 latere
1278 785 1579 846 obtectam
1626 809 1793 847 esse:
1839 784 2105 844 lamellas

393 901 761 948 transversas
831 902 891 947 et
936 888 1283 971 parallelas,
1331 890 1527 948 cristis
1576 887 1958 947 collinaribus
2007 886 2106 944 ad-

389 1008 566 1047 nexas
615 987 858 1048 habere.
906 990 1079 1047 Patet
1116 990 1299 1072 igitur
1328 989 1432 1048 has
1461 1001 1710 1049 astroeas
1752 989 2107 1046 nominatim

389 1111 559 1150 veras
609 1112 741 1150 esse
796 1092 1188 1150 meandrinas
1219 1120 1243 1166 ,-
1288 1114 1424 1150 nam
1471 1113 1606 1150 cum
1646 1110 1851 1148 omnes
1901 1087 2104 1147 chara-

388 1206 584 1252 cteres
631 1191 957 1253 habeamus
1025 1195 1083 1252 in
1131 1192 1447 1276 speciebus
1516 1216 1549 1252 a
1594 1194 1912 1252 Blairwz'lle
1960 1212 2100 1249 enu-

386 1297 630 1354 meratis
665 1342 686 1367 ,
734 1317 879 1377 quas
955 1310 1268 1378 comparat
1331 1295 1734 1371 meandrinz‘S,
1782 1315 1967 1375 quum
2025 1313 2101 1350 ne

387 1418 572 1455 unum
618 1397 860 1478 quidem
908 1396 1061 1456 adsit
1103 1396 1431 1456 discrimen
1464 1444 1481 1473 ,
1528 1418 1649 1455 non
1696 1395 1903 1454 dubito
1951 1414 2108 1454 asse-

392 1519 530 1555 rere
561 1546 578 1574 ,
626 1497 780 1556 hanc
827 1497 1185 1557 divisionem
1231 1519 1591 1556 evanescere
1640 1495 1886 1555 debere.

474 1599 745 1658 Tertiam
792 1600 971 1659 etiam
1019 1599 1371 1659 divisionem
1418 1595 1736 1679 rejicimUS,
1775 1619 1910 1656 cum
1934 1617 2109 1678 aeque

388 1701 746 1760 tzcbccstroeas
784 1723 1157 1770 coonoscere
1194 1699 1558 1775 inficiamu53
1604 1722 1742 1758 nam
1770 1699 2110 1758 tzcbastroeoe

859 1750 894 1784 r>

390 1825 633 1884 quoque
680 1804 755 1862 ad
799 1819 1048 1864 astroeas
1093 1826 1212 1863 non
1253 1805 1583 1886 pertinent,
1619 1816 1798 1884 atque
1838 1799 2107 1859 modicus

389 1903 756 1964 lamellarum
800 1928 1084 1966 numerus
1148 1927 1270 1965 non
1315 1906 1531 1965 sufficit
1589 1902 1666 1962 ad
1724 1904 2109 1986 partitionem

392 2005 818 2066 inducendam.

478 2109 922 2170 Gemmastroeoe
952 2124 1151 2170 autem
1198 2108 1287 2169 vel
1333 2108 1630 2168 tubulosae
1657 2121 1814 2184 sunt,
1845 2106 1937 2166 vel
1961 2127 2106 2166 uon:

389 2212 452 2270 in
494 2212 688 2293 priori
734 2235 875 2272 casu
944 2212 1088 2272 nihil
1134 2213 1421 2272 differunt
1501 2235 1533 2270 a
1610 2211 1944 2270 tubastroeis
1971 2237 1994 2282 ,-
2041 2211 2104 2267 in

390 2316 756 2396 posteriori,
802 2317 1048 2392 nesci0,
1095 2337 1170 2374 an
1229 2314 1353 2375 sola
1391 2313 1698 2373 stellarum
1744 2312 1918 2371 elatio
1957 2312 2113 2370 suffi-

386 2416 541 2493 ciat,
586 2431 653 2475 ut
710 2416 814 2476 has
875 2417 1173 2500 speciales
1236 2431 1486 2478 astroeas
1518 2464 1535 2493 ,
1582 2438 1701 2475 non
1746 2414 2110 2489 asteroideS,

392 2517 501 2576 sed
568 2534 1018 2598 gemmastroeas
1061 2519 1488 2601 relinquamus.
1571 2517 1769 2591 Quum
1847 2517 2110 2575 sireclra·

390 2632 600 2680 stroeas
628 2668 645 2696 ,
712 2637 772 2681 et
841 2625 1228 2704 dipsastroeas
1282 2643 1418 2681 cum
1498 2619 1704 2679 solidis
1787 2621 2055 2679 nitantur
2086 2664 2103 2690 ,

389 2743 525 2781 meo
574 2722 820 2804 quidem
849 2722 1104 2805 judicio,
1149 2721 1591 2799 fundamentis,
1635 2722 1915 2779 nimirum
1961 2741 2105 2778 con-

392 2823 676 2905 junctioni
722 2825 1024 2885 stellarum
1053 2874 1068 2900 ,
1116 2827 1400 2909 marpinis
1447 2839 1709 2897 naturae,
1759 2836 1818 2880 et
1865 2821 2107 2904 polygo-

1249 2873 1284 2908 .,

385 2947 602 2984 norum
667 2925 883 2986 faciem
950 2927 1306 3004 exhibeant,
1353 2948 1472 2985 non
1547 2939 1638 2984 est
1679 2921 2110 3004 ambigendum

397 3028 541 3108 quin
585 3026 833 3088 idoneas
881 3042 1252 3112 componant
1295 3028 1617 3087 sectiones.

477 3128 673 3188 Nolim
720 3144 939 3208 tamen,
985 3145 1266 3214 utputeS,
1313 3150 1407 3188 me
1439 3150 1508 3188 eo
1551 3127 1797 3188 consilio
1838 3147 1996 3197 esse,
2040 3141 2106 3185 ut

408 3229 801 3293 adnumerare
847 3232 1020 3292 velim
1068 3235 1542 3311 quadrigenizcm
1591 3229 2106 3311 eyatlzoplgrllinm
