2324 3631
1798 210 1879 287 89

183 309 638 392 haudquaquam
661 306 1024 366 lamellarum
1051 305 1405 368 adhaerentia
1431 303 1687 363 dilucido
1714 307 1884 363 cerni

189 424 432 492 potest3
497 432 633 468 nam
677 410 726 467 si
769 429 984 489 reapse
1028 406 1469 466 consideremus
1496 452 1519 476 ,
1579 426 1698 486 quo
1743 425 1881 462 nam

190 512 452 570 nitantur
494 508 737 569 lamellae
786 531 919 567 cum
964 522 1172 567 centro
1210 555 1232 579 ,
1279 521 1340 565 et
1382 504 1828 587 caryoplzyllloe
1865 552 1884 580 ‚

191 626 250 670 et
279 612 514 692 fimgioe
558 612 854 668 rationem
898 609 1182 668 habemus
1215 631 1230 685 3
1250 608 1557 689 fangias,
1602 608 1878 687 inquam,

196 712 428 771 inferne
483 710 826 792 conjunctas
890 731 1020 769 esse
1077 708 1578 792 quemadmodum
1625 721 1684 766 et
1728 705 1890 789 poly-

189 816 394 896 parii,
441 827 498 872 et
543 812 743 894 polypi
781 812 1058 871 naturalis
1106 811 1414 893 dispositio
1459 808 1735 892 postulat.

279 913 452 972 Aliud
498 913 822 973 discrimen
861 911 1106 995 profluit
1141 933 1208 970 ex
1236 913 1365 993 ipsa
1409 925 1615 969 natura
1653 907 1888 991 polypi3

196 1015 383 1074 fertur
413 1017 573 1074 enim
601 1014 1128 1074 membranaceum
1155 1061 1172 1089 ,
1219 1011 1552 1094 simplicem
1579 1059 1596 1087 ,
1641 1033 1744 1069 ore
1774 1010 1891 1068 lato

195 1118 486 1175 munitum
560 1138 691 1176 esse
759 1115 833 1174 ad
898 1114 1329 1173 tentaculorum
1395 1111 1890 1185 similitudinem3

195 1216 468 1275 habitare
513 1216 889 1298 polyparium
916 1215 1174 1289 calcare,
1221 1236 1339 1294 quo
1370 1212 1443 1271 de
1479 1214 1747 1293 quaestio:
1787 1209 1893 1269 dis-

197 1315 406 1375 ficilius
448 1331 648 1376 autem
704 1330 797 1376 est
839 1315 976 1374 huic
1029 1313 1357 1373 definitioni
1418 1327 1624 1396 aptare
1695 1311 1891 1385 illam,

201 1439 381 1499 quam
404 1416 644 1475 tradidit
683 1415 1009 1497 Rumplzias
1047 1416 1137 1496 (1)
1162 1437 1176 1490 3
1202 1415 1505 1474 renovavit
1534 1417 1743 1474 Pallas
1782 1413 1893 1493 (2):

203 1517 490 1578 obductas
518 1517 747 1577 scilicet
779 1517 1106 1599 «fimgites
1137 1537 1267 1575 esse
1297 1518 1455 1575 visco
1487 1515 1698 1574 aemulo
1721 1514 1897 1596 amyli

213 1641 242 1676 «
289 1617 451 1700 cujus
499 1617 669 1700 plicae
711 1618 1059 1677 elevatiores
1093 1639 1223 1676 oras
1256 1630 1469 1699 gerunt
1504 1618 1690 1675 instar
1747 1615 1896 1674 den-

212 1745 240 1778 «
287 1719 508 1779 ticulati
553 1717 716 1777 limbi
762 1720 961 1800 operis
993 1718 1327 1788 acicularii,
1374 1731 1432 1775 et
1462 1715 1731 1776 obtectas
1764 1737 1898 1776 esse

212 1829 242 1877 α
278 1821 606 1879 innumeris
649 1818 921 1900 oblongis
961 1818 1241 1878 vesiculis
1307 1838 1373 1876 ex
1402 1816 1612 1876 eadem
1640 1817 1900 1899 gelatina

212 1923 563 1998 «formatis,
612 1944 746 2005 quae
792 1923 971 1981 vitam
1017 1919 1126 1981 sub
1157 1943 1374 2003 aquam
1417 1919 1734 2004 produnt»
1791 1920 1900 1980 sed

204 2025 360 2085 bene
404 2026 717 2107 perpensis
748 2021 1034 2105 adjunctis
1061 2069 1081 2106 7
1127 2044 1303 2081 nemo
1355 2044 1477 2080 non
1520 2021 1681 2082 videt
1724 2021 1903 2104 amyli

206 2127 446 2185 nomine
471 2128 672 2184 venire
696 2138 1105 2207 tegumentum
1129 2125 1312 2206 ipsius
1339 2123 1563 2206 polypi3
1582 2123 1686 2181 ubi
1716 2123 1902 2205 plicas

206 2240 498 2287 memorat
545 2226 946 2303 elevationes,
993 2227 1160 2285 cerni
1205 2225 1429 2285 indicia
1481 2224 1850 2284 lamellarum
1887 2275 1907 2304 ‚

210 2350 344 2410 quae
374 2329 435 2385 in
473 2327 781 2410 polypario
814 2341 1192 2386 concurrunt.
1234 2329 1627 2387 Verissimum
1660 2349 1905 2409 quoque

211 2444 302 2489 est
345 2429 595 2512 rupibus
599 2428 863 2511 fangias
908 2428 1287 2503 incumbere,
1332 2450 1445 2488 nec
1489 2429 1615 2488 fere
1648 2431 1767 2488 nisi
1811 2453 1905 2488 ra·

209 2533 442 2591 rissime
467 2579 485 2608 ,
529 2546 775 2613 tumque
823 2552 934 2613 per
983 2530 1192 2590 exilem
1238 2545 1297 2590 et
1335 2529 1762 2590 debilissimum
1798 2553 1907 2613 pe-

210 2632 468 2692 diculum
513 2635 703 2692 affixas
751 2634 1021 2692 inveniri.

291 2736 582 2793 Veterum
625 2735 986 2816 scriptorum
1018 2737 1365 2816 opinionem
1396 2734 1774 2812 Statclzbzcry
1815 2755 1906 2793 as-

212 2859 452 2897 sensum
498 2838 786 2895 meruisse
826 2850 1059 2896 constat
1096 2838 1219 2916 (3),
1268 2840 1372 2919 qui
1417 2837 1665 2897 tradidit
1700 2836 1907 2894 fortui-

211 2953 333 2998 tam
378 2960 508 2999 esse
554 2937 845 2998 libertatis
910 2938 1314 3000 conditionem
1351 2942 1409 2997 in
1431 2938 1661 3021 fimgia
1697 2961 1727 3013 31
1773 2959 1907 3019 quae

226 3121 294 3176 (ι)
327 3123 576 3178 Ηιιηη)]ιι“ιι3.
610 3123 724 3165 Mus.
759 3126 946 3166 amboin.
986 3126 1064 3165 vol.
1099 3126 1138 3165 6.
1181 3140 1278 3180 pag.
1313 3125 1405 3177 246.
1442 3134 1483 3163 et
1513 3139 1600 3178 seq.

228 3193 296 3249 (2)
328 3198 489 3236 Pallas.
523 3197 745 3238 Elcnchus
776 3199 925 3253 Zooph
955 3215 1051 3253 pag.
1089 3199 1168 3239 283
1203 3214 1245 3238 n.
1284 3199 1372 3238 165.

227 3268 295 3323 (3)
328 3271 613 3328 Scutclzbmy.
648 3272 974 3315 Trans-actions.
1010 3274 1059 3313 of
1085 3274 1157 3312 the
1188 3271 1318 3314 Linn.
1353 3273 1497 3314 societ.
1533 3273 1610 3312 vol.
1643 3272 1681 3311 6.
