2324 3631
1797 224 1874 284 97

176 306 454 383 centrici,
492 305 549 365 vi
586 308 839 386 quorum
878 315 1150 361 auctores
1190 321 1321 360 eam
1356 300 1688 359 retulerunt
1723 303 1878 361 inter

170 412 523 489 cyclolites,
549 402 957 479 attendantur-3
989 401 1357 462 lamellarnm
1377 403 1738 464 minutarum
1768 425 1877 461 nu-

174 531 375 569 merus
414 531 539 592 prae
577 504 759 564 oculis
799 503 1119 581 habeatur,
1160 526 1295 585 quae
1334 501 1409 560 ad
1448 501 1635 561 latera
1673 525 1880 584 granu—

174 610 318 672 losae
342 624 496 670 sunt.
532 607 715 665 Varia
752 604 1102 688 magnitudo
1145 603 1412 687 ejusdem
1451 618 1557 662 est.

260 711 511 771 Habitat
554 751 569 766 .
617 754 629 766 .
677 752 691 767 .
745 707 1069 788 Reperitur
1124 708 1184 764 in
1238 704 1616 788 Delphinatzc
1654 754 1672 784 ,
1730 705 1878 765 colle

179 811 542 871 Taurinensi
572 857 589 886 ,
628 822 687 869 et
722 810 783 867 in
821 809 1167 866 Germania.

260 914 414 992 Mus.
471 912 719 989 Brittan.
784 910 972 967 Paris.
1026 907 1287 968 Berolin.
1341 908 1585 967 Taurin.
1635 907 1879 968 Collect.

177 992 469 1074 Mibkelin
497 1059 519 1085 ,
562 1013 630 1074 V
627 1017 756 1071 θείη
776 1057 815 1083 ,‚
835 1008 1194 1071 Mielzelotci.

646 1260 938 1312 FUNGIA
981 1258 1414 1310 ELLIPTICA

894 1402 1171 1441 LAMARCK

186 1540 391 1605 Fungia
437 1540 662 1607 ellz'ptz'ca
691 1577 704 1601 ‚
758 1529 969 1606 superne
1031 1554 1287 1599 convexa,
1340 1539 1557 1586 lamellis
1614 1538 1884 1603 obsoleti53

249 1628 436 1677 lacuna
471 1627 684 1676 centrali
720 1627 975 1693 elongata.

213 1785 480 1834 Lamarck.
518 1785 642 1833 Hist.
680 1785 761 1833 cit.
800 1794 917 1832 tom.
956 1801 1003 1832 2.
1036 1799 1157 1851 pag.
1197 1782 1319 1851 367.
1358 1783 1693 1852 (cyclolites)

210 1873 511 1938 Flemming.
548 1873 755 1920 Brittan.
793 1872 943 1920 anim.
974 1886 1098 1938 pag.
1137 1873 1254 1921 310.

265 2045 488 2105 Nescio
529 2066 646 2126 qua
685 2043 758 2104 de
798 2066 974 2105 causa
1031 2046 1119 2104 vir
1158 2044 1314 2104 doct.
1352 2044 1613 2104 Fischer
1667 2050 1878 2123 cyclo·

180 2151 344 2206 litem
411 2150 732 2229 ellipticam
791 2163 851 2207 et
905 2147 1428 2230 hemisphoericam
1467 2145 1880 2227 conjunxerim

181 2247 374 2308 forma
412 2251 596 2325 enim,
643 2264 704 2308 et
739 2249 1108 2309 lamellarum
1139 2271 1416 2308 numerus
1450 2250 1701 2309 diversae
1749 2261 1886 2307 sunt

180 2348 395 2409 indolis
423 2353 484 2409 in
519 2373 638 2409 una
676 2374 742 2410 ac
781 2352 843 2408 in
882 2350 1066 2409 altera
1097 2353 1319 2432 specie.

266 2451 511 2513 Habitat
554 2497 568 2511 .
615 2499 628 2513 .
676 2498 690 2513 .
736 2496 752 2512 .
798 2454 1119 2537 Reperitur
1166 2454 1227 2510 in
1267 2451 1642 2535 Delphinatcc
1670 2500 1685 2527 ,
1727 2464 1786 2509 et
1826 2451 1886 2507 in

185 2552 429 2632 Anglia.
