2324 3631
1799 232 1910 293 163

242 325 465 375 Fischer.
503 326 664 395 Orytt.
709 323 773 374 de
810 325 1032 376 Moscou.
1070 326 1175 377 tab.
1214 326 1278 378 38
1296 327 1398 397 fig.
1445 344 1485 378 ι.

242 411 683 462 Milne-Edward.
719 412 861 462 Auct.
898 412 961 463 de
997 414 1259 465 Lamarck.
1295 426 1415 466 tom.
1453 434 1481 465 2
1515 431 1637 483 pag.
1677 418 1794 467 322.

244 498 548 550 Volkmann.
586 499 727 549 Siles.
765 500 898 550 subt.
930 517 1056 570 pag.
1101 503 1214 553 118.

297 584 784 687 Labyrinthicam
828 603 1080 665 formam
1117 605 1192 664 ad
1236 606 1388 667 hanc
1421 608 1687 691 speciem
1733 612 1918 691 perti-

213 719 460 764 nentem
502 704 935 787 impedimento
981 721 1110 784 est,
1156 711 1478 790 quominus
1519 709 1918 770 confundatur

215 827 351 864 cum
387 809 747 888 catenipora
780 806 1168 882 escharoide5
1206 823 1514 891 'praeterea
1544 811 1712 889 licet,
1743 826 1802 871 et
1834 826 1918 872 tu-

214 904 341 965 buli
385 908 588 966 seriati
621 906 736 967 dici
783 922 1005 991 queant
1041 911 1103 968 in
1139 924 1394 992 utraque
1434 914 1632 994 specie
1657 958 1674 986 ,
1721 927 1922 972 tamen

216 1006 485 1089 paralleli
531 1007 647 1068 dici
675 1024 984 1092 nequeunt
1015 1034 1029 1088 3
1078 1009 1152 1070 de
1184 1011 1408 1071 ostiolis
1440 1012 1595 1071 nulla
1626 1016 1874 1094 quaestio
1902 1064 1919 1091 ,

220 1109 337 1169 nisi
384 1108 548 1192 quod
593 1112 655 1169 in
698 1116 1052 1195 catenipora
1097 1112 1492 1195 labyrinthica
1545 1114 1742 1174 scabri
1786 1119 1918 1176 sint.

304 1209 597 1270 Habitat.
640 1257 656 1271 .
702 1254 718 1270 .
756 1213 1082 1296 Reperitur·
1108 1214 1166 1272 in
1203 1214 1373 1272 Italia
1425 1229 1484 1274 et
1529 1238 1722 1299 prope
1770 1220 1922 1277 Gro-

212 1312 436 1390 ningen
467 1359 486 1389 ,
534 1314 707 1371 Caen
741 1360 755 1387 ‚
793 1314 852 1371 in
898 1313 1091 1372 insula
1134 1315 1540 1374 Drzimmondi
1581 1330 1640 1376 et
1685 1316 1840 1376 alibi.

557 1430 1072 1480 CATENIPORA
1121 1434 1587 1483 PULCHELLA

655 1556 822 1595 NOBIS
870 1537 1078 1617 (Tab.
1125 1537 1306 1618 5fig.
1353 1542 1458 1617 4.)

208 1654 452 1704 Lamellis
481 1654 765 1721 angulosis,
790 1655 920 1704 tubis
938 1656 1214 1722 elongatis,
1234 1660 1436 1724 parvis,
1473 1657 1739 1726 confectis,·
1777 1678 1917 1712 oscu-

281 1743 344 1792 lis
379 1742 640 1805 ovalibus,
678 1753 823 1791 extus
851 1745 1053 1811 porosis
1078 1782 1092 1808 ‚
1141 1745 1350 1794 interius
1387 1746 1582 1794 lamelli
1604 1749 1716 1796 eris.

302 1847 500 1921 Quum
531 1847 755 1929 agimus
790 1846 865 1907 de
904 1845 1012 1907 hac
1049 1854 1399 1933 catenipora
1424 1899 1442 1929 ,
1490 1866 1656 1934 patet
1692 1867 1917 1913 nostrae

216 1947 576 2009 definitionis
615 1950 733 2009 vim
769 1949 1167 2034 repetendam
1212 1973 1343 2012 esse
1371 2001 1387 2029 ‚
1434 1975 1501 2013 ex
1531 1975 1601 2013 eo
1634 1955 1797 2037 quod
1841 1955 1918 2014 la-

212 2049 475 2133 byrinthi
505 2049 727 2111 formes
764 2073 884 2112 non
908 2053 1027 2112 sint
1055 2052 1314 2130 laminae,
1346 2054 1454 2115 sed
1484 2055 1792 2116 distinctas
1823 2080 1920 2116 an-

213 2150 488 2235 gulorum
519 2154 815 2213 sectiones
855 2151 1313 2231 demonstrent,
1360 2170 1538 2239 atque
1578 2157 1778 2217 oscula
1814 2160 1918 2217 mi-

203 2268 348 2314 nuta
385 2268 566 2335 atque
597 2254 864 2314 conferta
902 2257 1050 2316 sint:
1097 2258 1263 2340 prius
1302 2274 1717 2341 argumentum
1759 2284 1790 2318 a
1819 2283 1918 2319 ca·

210 2360 484 2439 tenipora
516 2356 956 2439 labyrinthica,
987 2357 1238 2418 alterum
1269 2382 1300 2417 a
1327 2365 1681 2443 catenipora
1703 2361 1914 2421 escha-

207 2459 378 2518 roide
417 2479 547 2516 eam
591 2460 869 2518 secernit.

290 2556 540 2618 Habitat
583 2603 597 2617 .
644 2604 659 2618 .
706 2604 719 2618 .
757 2560 1081 2643 Reperitur
1126 2561 1188 2619 in
1231 2559 1375 2621 locis
1421 2582 1603 2645 supra
1649 2565 1808 2623 citat.

518 2675 1021 2728 CATENIPORA
1070 2679 1602 2731 ESCHAROIDES

917 2803 1196 2844 LAMARCH

205 2902 516 2969 Catenipora
543 2901 727 2950 tubulis
753 2902 913 2969 longis
931 2941 944 2967 ,
960 2904 1235 2971 parallelis
1251 2943 1264 2968 ,
1290 2906 1514 2968 seriatis,
1551 2903 1903 2972 subdepressis,

270 2991 324 3038 in
359 2990 580 3038 laminas
616 3001 1050 3040 anastomosantes
1086 2993 1323 3041 connexis
1348 3015 1369 3048 ,·
1407 2992 1586 3041 osculis
1631 2994 1860 3043 ovalibas
1883 3032 1897 3058 ‚

271 3079 478 3125 interius
514 3080 733 3145 crispato
772 3080 998 3128 stellatis.

237 3183 383 3231 Linn.
420 3181 647 3232 Amaenit.
685 3183 854 3233 accad.
899 3202 914 3232 1
954 3201 1077 3252 pag.
1122 3187 1214 3236 103
1252 3185 1357 3236 tab.
1395 3186 1428 3248 4
1454 3184 1545 3252 fig.
1588 3203 1667 3247 20„

239 3270 413 3336 Espcr.
449 3269 636 3339 Zooph.
668 3272 742 3339 pl.
783 3272 813 3321 5
850 3271 931 3339 fig.
978 3290 1017 3321 1.
