2324 3631
427 175 545 231 208

417 271 509 332 vel
553 273 613 330 in
658 271 800 354 ipsis
847 269 1162 353 speciebus
1203 268 1372 328 adest
1411 271 1679 329 transitio
1726 270 1799 328 ab
1841 294 1957 332 uno
1991 319 2007 347 ,
2052 273 2127 332 ad

419 373 670 432 alterum
716 393 901 454 genus
939 419 956 448 ,
999 371 1072 428 ab
1120 369 1460 430 auctoribus
1507 386 1790 453 recepta:
1850 387 2131 454 superest

418 473 594 533 nobis
641 470 1010 531 recensenda
1079 486 1198 529 tam
1244 471 1505 531 esclzara
1551 472 1858 555 bifurcata
1890 521 1906 548 ,
1954 495 2132 554 quam

420 575 666 635 eschara
709 576 1086 651 Brogniartii
1119 600 1143 646 ,-
1189 586 1442 653 utraque
1490 597 1682 656 prope
1739 575 1990 632 Lutetiis
2040 575 2123 631 in-

424 690 633 749 venta,
682 689 740 732 at
785 675 1119 732 accuratius
1180 672 1252 731 (le
1295 673 1570 733 omnibus
1613 673 1872 734 escharis
1912 673 2126 733 fossili·

420 776 560 852 bus,
609 797 789 857 quam
835 774 910 834 de
957 777 1054 849 iis,
1106 796 1235 857 quae
1278 774 1351 832 ad
1396 798 1572 833 unam
1638 798 1702 835 se
1759 798 1822 835 se
1862 774 2134 834 referunt

422 886 680 951 ae'tatem,
706 898 854 960 opus
903 876 1228 959 complevit
1266 878 1475 935 citatus
1499 878 2025 937 [stilae-Edwards
2071 878 2131 934 in

424 1000 609 1061 opere
658 983 749 1036 cui
789 977 986 1037 titulus
1027 980 1201 1053 (ann.
1235 976 1338 1035 des
1381 980 1602 1036 scienc.
1642 993 1759 1036 nat.
1799 981 1928 1056 cit.)
1968 975 2137 1060 quod

425 1080 736 1140 consulere
784 1082 982 1161 operis
1030 1081 1287 1162 pretium
1338 1093 1443 1138 est.

507 1181 791 1240 Habitat.
819 1226 832 1239 .
858 1181 1210 1263 ,Reperitur
1253 1203 1446 1263 prope
1492 1182 1878 1239 Placentiam
1907 1228 1929 1253 2
1974 1180 2125 1239 Asci.

507 1285 660 1343 Mus.
682 1284 999 1342 Parisiens.
1040 1281 1187 1340 Coll.
1214 1282 1547 1355 Miclzelin‚
1575 1283 2129 1342 Mane-Edwards·

870 1417 1234 1467 ESCHARA
1297 1418 1691 1466 FOLIACEA

999 1523 1353 1602 (Flastra)
1399 1544 1556 1580 LlNN.

426 1645 486 1693 L.
507 1642 741 1709 follacea
765 1681 777 1705 ,
815 1642 1104 1705 lamellosa,
1158 1643 1405 1709 utrimque
1462 1642 1743 1701 cellulosa3
1785 1642 1912 1691 lobe‘s
1967 1642 2134 1690 cunei-

473 1730 760 1798 formibus,
798 1732 941 1797 apice
979 1728 1295 1791 rotundatis,
1340 1729 1521 1777 osculis
1556 1727 1862 1778 rotundatis.

454 1854 601 1902 Ellis.
641 1851 805 1900 Coral.
836 1868 959 1919 pag.
1001 1871 1082 1917 70.
1120 1870 1167 1898 η.
1207 1869 1254 1899 2.
1292 1851 1400 1899 tab.
1437 1868 1521 1916 29.
1559 1867 1610 1898 a.
1648 1853 1712 1898 A.

456 1943 603 1990 Lina.
644 1940 859 2007 System.
899 1948 1058 1987 natur.
1097 1938 1177 1987 ccl.
1225 1956 1299 1986 10.
1337 1956 1409 2005 sp.
1447 1955 1498 1986 a.
1537 1938 1805 2001 (Flustra)

454 2029 651 2078 Pallas.
691 2027 958 2075 Elenchus.
996 2045 1139 2093 zoop.
1172 2043 1295 2092 pag.
1323 2026 1407 2074 52.

458 2119 642 2167 Otlzon.
681 2117 947 2165 Fabricius
985 2115 1138 2164 sauna
1178 2113 1543 2163 Groenlandica
1576 2131 1700 2182 pag.
1739 2114 1860 2177 436.

457 2206 639 2254 Grani.
677 2202 1002 2268 Edimburgh.
1040 2201 1221 2270 philos.
1260 2201 1427 2271 journ.
1463 2205 1585 2252 v.3.
1615 2220 1738 2271 pag.
1786 2221 1898 2269 107.

454 2294 756 2358 Flemming.
792 2293 934 2340 Britt.
970 2293 1260 2359 anim.pag.
1287 2290 1407 2341 535.

455 2382 725 2430 Lamarck.
764 2382 887 2428 Hist.
926 2381 1078 2427 anim.
1125 2396 1165 2427 1.
1204 2389 1251 2427 et
1289 2397 1335 2426 2.
1374 2376 1452 2427 ed.
1492 2388 1611 2426 tom.
1650 2395 1697 2426 2.
1729 2394 1853 2445 pag.
1895 2394 2015 2445 219.

590 2504 799 2561 Pallas
867 2500 1117 2582 explicat
1161 2498 1554 2583 primordium
1601 2498 1873 2559 esclzaroe
1933 2499 2138 2581 folia-

429 2627 552 2663 cece
618 2602 937 2662 crustulam
1001 2623 1131 2661 esse
1175 2650 1190 2677 ,
1267 2623 1297 2659 e
1365 2600 1531 2683 cujus
1594 2600 1793 2659 medio
1875 2604 2133 2684 assurgit

430 2704 593 2763 frons
627 2703 899 2786 parvula,
941 2702 1357 2780 cuneiformis,
1398 2725 1579 2785 supra
1609 2701 1960 2778 rotundata,
2001 2723 2137 2783 quae

433 2806 836 2888 duplicatione
911 2806 1202 2863 serierum
1286 2803 1631 2863 cellularum
1668 2852 1684 2880 ,
1768 2803 2140 2861 latitudinem

432 2929 764 2991 progressu
808 2904 1098 2988 majorem
1131 2908 1417 2988 acquirit,
1465 2920 1524 2965 et
1549 2904 1698 2963 findi
1726 2906 1950 2986 incipit.
2000 2902 2137 2962 Cel-

433 3009 565 3068 lulae
612 3011 673 3066 in
720 3007 939 3091 duplici
982 3007 1285 3066 frondium
1360 3022 1547 3066 strato
1619 3005 2076 3065 confertissimae
2115 3051 2138 3076 2

434 3111 700 3185 alternae,
736 3125 1022 3185 arcuatae,
1064 3111 1267 3170 osculo
1300 3111 1499 3169 lunato
1531 3109 1870 3192 ringenteS‚
1913 3122 1972 3167 et
2008 3107 2138 3190 spi·

435 3212 575 3272 nula
619 3213 898 3294 utrinque
946 3211 1020 3272 ad
1068 3212 1336 3273 osculum
1386 3212 1595 3271 aurita.
