2324 3631
379 191 490 227 200

364 269 551 351 liquet
596 269 937 328 cellularum
985 267 1440 350 dispositionem
1468 314 1483 342 ,
1532 289 1709 351 quam
1773 282 2054 351 tanquam

363 373 730 453 praecipuum
775 369 1223 428 fundamentum
1269 368 1569 430 divisionis
1611 368 1723 429 sibi
1750 372 2064 453 proposuit

362 472 704 547 Blainvz'lle,
741 473 800 528 in
831 470 1132 552 plerisque
1162 469 1396 547 fallere,
1418 492 1528 530 nec
1559 470 1677 530 ulla
1715 472 1941 532 ratione
1968 471 2064 532 de-

365 569 531 630 fendi
578 592 776 652 posse.

447 673 537 729 De
582 670 927 729 membrana
959 692 1197 752 quoque
1225 673 1512 729 rationem
1554 671 1889 732 habendam
1933 692 2067 732 esse

365 786 545 853 put03
591 793 726 829 nam
752 770 1085 852 hujusmodi
1134 776 1460 858 tegumenti
1506 796 1573 832 ea
1603 775 1686 833 vis
1714 788 1826 850 est,
1870 792 1936 833 ut
1960 795 2067 856 po-

363 871 555 954 lypos,
580 871 952 954 proindeque
984 872 1291 955 polyparia
1329 857 1622 934 instruere
1645 877 1855 957 possit,
1881 889 2064 958 prout

366 987 649 1054 apertura
672 1023 688 1050 ,
736 996 916 1054 quam
960 976 1020 1032 in
1053 974 1261 1034 eadem
1309 979 1608 1035 cernimus
1654 999 1833 1035 unam
1877 976 1968 1036 vel
1995 975 2071 1035 al-

370 1088 558 1133 teram
605 1073 860 1157 figuram
891 1078 1095 1135 sumit:
1142 1078 1315 1136 sicin
1369 1076 1629 1137 escham
1675 1083 2073 1150 cervicornis,

365 1175 427 1232 in
470 1175 729 1234 escham
734 1175 1059 1258 foliacea,
1106 1176 1350 1260 aliisque
1400 1178 1764 1260 exploratum
1809 1192 1899 1238 est
1920 1201 2072 1237 mat·-

368 1278 538 1358 gines
587 1276 929 1335 cellularum
964 1281 1306 1360 prominere
1340 1294 1545 1338 contra
1584 1282 1908 1340 Blainville
1941 1301 2071 1341 sen-

367 1379 650 1436 tentiam:
698 1378 784 1436 sic
832 1379 1005 1436 etiam
1027 1379 1263 1455 flustra
1290 1380 1568 1461 υΙὸίίασεα
1600 1383 1656 1438 in
1703 1383 2070 1462 quincunces

369 1476 658 1560 disposita
703 1492 1003 1561 apparet,
1050 1503 1118 1538 ac
1165 1482 1244 1538 sit
1288 1479 1543 1540 eschara
1590 1481 1863 1539 foliae-ea.

451 1579 692 1660 Insigne
718 1579 1049 1662 exemplum
1069 1580 1415 1641 cellularum
1438 1581 1843 1641 similitudinis
1870 1582 2071 1665 quoad

344 1679 640 1756 flustram
678 1694 857 1761 atque
895 1680 1212 1742 esclzaram
1261 1682 1545 1744 habe-mus
1572 1683 2075 1764 inflastrafi'on·

369 1783 639 1840 diczclosa
686 1783 781 1862 (1)
851 1805 1028 1864 quam
1084 1783 1500 1861 bombycinam
1565 1784 1675 1843 alio
1742 1785 1926 1844 modo
1975 1808 2074 1843 vo-

372 1884 524 1941 cavit
550 1885 870 1942 Lamarclc.
898 1882 1037 1960 Sed,
1074 1899 1139 1942 ut
1166 1885 1434 1943 'inutilem
1462 1887 1859 1966 quaestionem
1890 1886 2074 1945 resol-

371 2005 593 2060 vamuS‚
617 1983 775 2063 juvat
801 1983 874 2043 de
918 1984 1259 2044 cellularum
1286 2001 1536 2070 natura,n
1560 1989 1757 2068 potius
1788 2009 1964 2069 quam
1995 1987 2070 2048 de

373 2084 765 2168 dispositione
807 2108 1144 2145 sermonem
1185 2088 1513 2146 instituere.
1559 2093 1756 2169 Atque
1802 2090 1877 2147 ad
1922 2088 2077 2149 hanc

372 2207 503 2245 rem
546 2185 857 2269 magnifica
901 2187 1112 2270 procul
1159 2187 1340 2246 dubio
1392 2203 1528 2247 sunt
1578 2211 1713 2271 quae
1763 2191 1936 2249 nobis
1982 2212 2077 2250 re-

373 2288 546 2370 liquit
568 2290 1118 2364 llffz'lne-EdwardS,
1166 2290 1326 2349 unde
1353 2289 1560 2349 harum
1589 2291 1933 2352 cellularum
1963 2296 2078 2352 ori-

376 2392 573 2471 ginem
618 2390 920 2472 probaret.
967 2393 1106 2474 Ipse
1154 2394 1354 2474 posuit
1407 2391 1801 2473 fragmentum
1823 2394 2077 2473 flustra>

377 2513 571 2572 nuper
615 2513 682 2550 ex
716 2491 873 2550 unda
905 2495 1081 2553 maris
1121 2493 1462 2566 deductum,
1508 2497 1565 2550 in
1602 2497 1781 2554 acido
1827 2502 2070 2575 uitrico,

382 2593 544 2673 quod
589 2595 710 2653 aliis
757 2594 1055 2654 vocabulis
1101 2600 1245 2654 nitri
1282 2600 1568 2670 acidam,
1612 2604 1881 2682 spiritum
1926 2607 2081 2661 nitri·

382 2716 795 2776 nuncupamus
828 2745 850 2769 ,
916 2696 1079 2778 quod
1126 2696 1426 2758 detectum
1487 2698 1598 2760 fuit
1642 2725 1673 2759 a
1731 2702 2076 2761 Raimzmdo

398 2933 465 2988 (ι)
496 2937 643 2977 Pallas
675 2937 878 2978 elenchus
910 2937 1074 2992 Zooph.
1107 2940 1173 2981 55.
1208 2939 1308 2982 Non
1332 2940 1579 2982 inconsulto
1611 2948 1727 2982 notat
1764 2943 2010 2982 Lamoroux
2044 2936 2090 2983 in

508 3010 586 3049 hac
609 3011 745 3064 specie
766 3012 913 3052 venire
935 3012 1157 3053 esclzaram
1174 3013 1529 3069 si’ondiculosam
1551 3015 1732 3070 Esperz‘‚
1768 3030 1866 3056 nam
1889 3023 1925 3056 et
1951 3015 2088 3069 expli—

505 3082 630 3130 catio,
665 3098 793 3137 quam
823 3086 957 3126 ‹lonat
986 3087 1132 3142 Esper
1155 3094 1288 3141 atque
1319 3086 1517 3140 figuram,
1543 3089 1840 3147 bombycinum
1870 3088 2083 3131 indicant,

513 3155 618 3195 Vide
649 3158 701 3196 ad
733 3158 815 3198 hoc
847 3159 1008 3213 Zooph.
1053 3162 1187 3217 suppl.
1230 3177 1242 3201 1
1283 3163 1362 3202 tab.
1397 3175 1435 3202 2.

510 3230 781 3271 Lurnorottrr.
818 3232 1009 3285 Exlwslt.
1052 3236 1182 3277 melli.
1215 3236 1286 3276 des
1318 3237 1457 3291 folj'p.
1493 3239 1596 3293 Γᾶς.
1628 3239 1666 3279 3.

2201 2974 2223 2992 S
