2324 3631
1777 172 1891 253 169

199 275 496 357 cognitam
541 274 841 357 speciem,
885 272 994 332 sed
1040 270 1312 330 omnibus
1359 272 1714 353 perpensis,
1754 293 1890 352 quae

195 377 501 457 pertinent
546 374 620 433 ad
661 373 778 455 jam
845 372 1175 455 descriptas
1234 373 1466 454 species
1493 418 1511 447 ‚
1556 393 1669 429 nec
1716 393 1895 430 unam

193 478 428 549 inveni,
476 498 609 559 quae
655 473 822 556 hujus
868 476 1090 557 speciei
1136 494 1356 532 nomen
1400 486 1751 530 mereretur.

278 578 430 637 Tres
490 578 643 635 enim
703 590 838 635 sunt
903 577 1135 656 species
1210 576 1365 633 inter
1406 578 1682 656 poriteS,
1753 594 1890 655 quae

197 677 517 758 quamdam
563 674 1007 735 similitudinem
1041 674 1320 734 exhibent
1358 697 1490 734 cum
1525 679 1722 756 porite
1752 694 1896 732 αειι-

194 785 391 851 Zeata5
434 778 714 835 nimirum
750 781 985 859 porites
1032 798 1382 846 verrucosa,
1418 780 1652 857 porites
1688 774 1891 836 taber-

194 885 451 950 culosa,
497 893 557 936 et
590 883 826 959 porites
863 898 1186 936 arenacea.
1235 879 1355 946 At)
1403 878 1450 935 si
1490 898 1693 934 verum
1738 898 1893 933 ama-

194 1001 323 1039 mus
344 1026 361 1054 ,
394 1001 513 1037 non
552 1001 734 1037 cerno
766 980 824 1036 in
859 977 969 1036 hac
995 979 1198 1060 specie
1218 980 1475 1059 porilem
1502 998 1891 1048 arenaceam‚

197 1083 334 1162 quia
400 1083 460 1138 in
518 1101 824 1139 arencccecc
872 1078 1057 1138 stellae
1124 1092 1262 1137 sunt
1323 1075 1777 1159 superficiales,
1836 1091 1897 1137 et

194 1204 555 1264 perparvae3
609 1196 902 1263 praeterea
948 1194 1083 1238 sunt
1126 1178 1460 1238 rotundatae
1491 1226 1509 1254 ,
1570 1193 1629 1238 et
1674 1180 1896 1260 promi-

192 1282 396 1340 nulum
445 1295 718 1341 centrum
762 1304 880 1339 non
927 1280 1168 1338 habent.

279 1385 471 1442 Porro
515 1382 727 1441 eadem
750 1382 917 1441 stella
940 1381 1369 1464 impedimento
1405 1394 1533 1459 est,
1574 1382 1897 1464 quominus

193 1483 348 1543 hanc
395 1486 664 1567 speciem
718 1484 992 1542 addicam
1029 1487 1221 1564 poriti
1274 1505 1610 1543 verrucosa?
1650 1531 1668 1559 ,
1735 1482 1897 1565 cujus

196 1600 324 1661 est,
369 1600 434 1644 ut
472 1587 551 1644 ait
593 1587 938 1656 Lamarclc,
983 1584 1180 1643 stellas
1230 1582 1503 1643 exhibere
1548 1583 1843 1667 sejunctas
1881 1609 1898 1645 2

195 1701 488 1769 praeterea
552 1689 801 1746 varietas
860 1688 1319 1745 interstitiorum
1379 1708 1498 1745 non
1552 1685 1680 1745 leve
1736 1686 1902 1748 addit

196 1788 541 1847 discrimen.

269 1890 514 1973 Exiguae
562 1890 751 1950 stellae
816 1906 1021 1951 arcent
1073 1911 1316 1973 quoque
1374 1889 1529 1951 hanc
1564 1895 1823 1975 porilem
1867 1914 1900 1949 a

187 1996 390 2075 porite
435 1993 871 2065 taber-calma,
918 1996 1064 2074 quin
1099 1996 1376 2076 insuper,
1421 1994 1514 2053 vel
1552 1996 1681 2077 ipsa
1725 1996 1905 2052 inter-

196 2095 380 2167 stitia,
432 2116 562 2175 quae
601 2094 972 2153 tuberculata
1017 2109 1184 2169 sunt,
1232 2095 1508 2154 videlicet
1542 2096 1771 2153 munita
1815 2108 1902 2154 tu-

193 2194 452 2254 berculis
501 2194 783 2255 echinatis
814 2242 832 2271 ‚
878 2199 1232 2279 prominulis
1263 2246 1281 2275 ,
1348 2195 1902 2257 columniformibus

1756 2300 1835 2380 gi.

278 2400 368 2457 Ne
416 2400 550 2479 quis
593 2398 833 2458 demum
860 2447 877 2475 ,
924 2398 1074 2458 hanc
1106 2402 1374 2482 speciem
1404 2399 1728 2460 confundat
1767 2422 1903 2459 cum

196 2311 405 2379 aperte
449 2296 717 2355 indicant
761 2297 835 2356 de
882 2298 990 2356 alia
1020 2346 1036 2373 ,
1085 2314 1264 2380 atque
1312 2299 1425 2357 alia
1469 2300 1673 2381 specie
1719 2322 1748 2355 a

193 2501 573 2581 madrepora‘
623 2505 915 2582 pistillata
947 2549 964 2578 ,
1028 2524 1209 2583 quam
1253 2503 1450 2585 Esper
1498 2502 1850 2561 memoravit
1887 2525 1903 2579 3

197 2622 333 2659 nam
353 2606 581 2684 polites
618 2607 911 2684 pistillccca
951 2626 1070 2661 non
1109 2603 1418 2686 explanata
1456 2652 1473 2680 9
1521 2603 1628 2663 sed
1668 2625 1906 2663 ramosa

198 2717 331 2778 est,
378 2702 599 2762 deinde
646 2703 935 2786 pistillum
967 2706 1025 2762 in
1056 2705 1254 2764 medio
1295 2720 1563 2765 erectum
1603 2705 1907 2766 stellarum

200 2803 591 2886 superficiem
639 2806 873 2865 excedit
911 2829 925 2882 3
982 2821 1191 2866 contra
1235 2809 1296 2865 in
1339 2806 1449 2866 hac
1500 2808 1723 2891 pistilia
1769 2819 1906 2867 sunt

197 2907 404 2987 utique
450 2907 792 2989 prominula
824 2956 841 2984 ,
889 2908 995 2966 sed
1043 2908 1230 2967 relate
1277 2907 1351 2967 ad
1396 2909 1698 2968 stellarum
1745 2931 1902 2967 mar-

199 3008 395 3087 ginem
458 3022 593 3066 sunt
644 3007 988 3090 profunda3
1059 3009 1258 3090 quoad
1316 3024 1560 3069 caeteras
1614 3014 1848 3091 porites
1889 3058 1905 3085 ‚

199 3128 454 3187 quarum
500 3107 565 3167 fit
607 3111 831 3169 mentio
859 3156 875 3183 ,
921 3110 1308 3170 secernendae
1355 3113 1414 3169 in
1461 3113 1672 3193 primis
1721 3125 1901 3187 sunt,

197 3229 332 3289 quae
379 3212 713 3291 crespitosae
758 3212 1033 3272 videntur
1065 3262 1081 3291 ,
1140 3212 1357 3295 quibus
1405 3211 1680 3274 deductis
1719 3259 1736 3287 ,
1783 3208 1895 3272 nec
