2324 3631
1796 186 1869 247 15

212 277 406 356 miles,
443 289 632 361 atque
672 290 810 337 tunc
849 296 1018 339 veras
1063 277 1309 363 hydras,
1354 281 1438 340 uti
1477 293 1712 342 veteres
1756 210 1920 348 fabuy-

206 378 522 455 labantur,
596 378 882 438 habemus
924 402 938 455 ;
999 381 1090 440 vel
1139 383 1431 441 affirmare
1479 381 1624 443 duos
1663 384 1914 469 polypos

206 502 421 562 reapse
472 479 815 562 conjunctos
863 501 991 540 esse
1023 527 1041 556 ‚
1088 496 1148 541 et
1192 482 1464 565 profecto
1513 487 1918 567 experimenta

211 604 244 639 a
289 584 518 640 Donati
559 583 799 663 incepta
835 628 857 655 ,
903 606 936 641 a
982 583 1255 643 Cavolim'
1299 599 1670 667 prosequuta
1716 601 1916 647 osten-

212 680 385 757 dunt,
432 680 709 763 sejunctis
757 682 1028 765 partibus
1077 682 1435 766 polyporum
1467 686 1790 769 reproduci
1836 688 1912 749 ad

206 782 452 840 modum
472 783 659 864 ipsius
692 781 916 865 polypi,
948 785 1051 864 qui
1080 782 1432 845 divisionem
1460 809 1670 868 passus
1695 788 1909 868 fuerat,

212 884 324 942 nisi
370 883 642 965 specialis
690 884 774 942 vis
822 882 977 942 aliud
1025 886 1237 966 exigat.

290 982 536 1043 Habitat
579 986 639 1042 in
676 983 859 1044 Indiis
899 1029 913 1042 .
963 1029 976 1042 .
1023 1029 1036 1042 .
1083 985 1411 1068 Reperitur
1455 987 1515 1045 in
1561 987 1711 1049 colle
1758 990 1916 1053 Tau·

214 1086 444 1146 rinensi
480 1133 499 1162 ,
539 1099 598 1145 et
632 1087 694 1144 in
741 1108 884 1168 agro
931 1087 1288 1145 Veronensi.

589 1225 1052 1277 MEANDRINA
1099 1226 1543 1279 FILOGRANA

968 1368 1149 1407 ESPER

208 1482 280 1532 M.
315 1482 526 1548 globosa
553 1520 567 1546 ‚
620 1473 957 1549 subgibbosa3
1014 1481 1330 1550 anfractibus
1382 1485 1786 1553 superficialibus
1820 1506 1915 1540 an-

274 1571 452 1636 gustis,
489 1572 725 1619 tortuosis
746 1608 760 1635 ,
803 1570 1020 1618 lamellis
1049 1572 1256 1638 parvis,
1281 1573 1484 1640 crispi53
1518 1585 1694 1626 sutura
1730 1589 1916 1642 acula,

256 1657 554 1725 filograna.

247 1778 506 1827 Gualtieri
539 1776 711 1827 Index.
747 1787 860 1827 test.
900 1777 1001 1826 tab.
1040 1794 1124 1845 97.

241 1865 417 1933 Esper.
454 1864 701 1933 Zoophyt.
732 1882 855 1933 pag.
902 1867 1013 1932 139.
1052 1866 1154 1914 tab.
1195 1883 1258 1914 22
1298 1864 1382 1933 fig.
1428 1884 1470 1916 1.

241 1953 510 2001 Lamarck.
548 1953 753 2001 Histoir.
792 1954 970 2001 invert.
1010 1962 1127 2001 tom.
1166 1971 1194 2002 2
1228 1969 1352 2021 pag.
1391 1953 1509 2022 389.

243 2040 530 2088 Blainville.
568 2037 769 2089 Manuel
806 2039 853 2087 d'
877 2041 1024 2088 actin.
1047 2056 1172 2108 pag.
1211 2041 1329 2091 358.

302 2177 500 2238 Colles
545 2177 889 2256 filiformes,
937 2180 1170 2261 angusti
1223 2177 1359 2239 huic
1398 2182 1623 2263 speciei
1668 2185 1918 2270 proprie

221 2294 598 2340 conveniunt.

300 2380 544 2440 Habitat
588 2382 652 2439 in
695 2379 896 2440 Indiis.
941 2381 1265 2464 Reperitur
1308 2384 1370 2440 in
1412 2383 1597 2446 Italia.

302 2482 457 2542 Mus.
502 2483 553 2541 T
561 2483 852 2544 aurinens.
901 2481 1145 2543 Collect.
1185 2482 1543 2546 Michelotti.
