2324 3631
402 192 524 253 „152

403 296 550 377 quin
594 295 711 354 imo
745 315 927 377 quum
973 304 1219 353 revocat
1257 290 1496 352 alterius
1531 293 1617 352 sui
1651 293 1850 375 operis
1895 313 2119 353 memo-

401 400 586 475 riam,
632 395 1040 457 confusionem
1088 395 1307 477 gignit,
1355 397 1526 476 quasi
1571 394 1933 456 indicaturus
1980 417 2118 457 con-

403 502 667 583 spexisse
710 497 1136 580 madreporam
1180 502 1538 556 areolatam.

483 599 806 658 Videamus
852 597 1034 658 modo
1117 621 1192 656 an
1235 596 1457 680 rejecta
1501 598 1868 682 madrepora
1909 620 2121 657 mean-

403 703 557 762 drite
587 749 605 778 ,
653 699 800 782 quid
846 702 906 758 in
963 698 1326 782 madrepora
1367 699 1780 781 labyrinthica
1828 723 1861 758 a
1913 702 2122 758 Pallas

402 817 748 885 nuncupata
791 803 989 861 verius
1030 783 1431 879 inveniamus,
1475 801 1633 860 unde
1665 816 1867 884 pateat
1896 814 2120 861 nostrae

403 905 629 988 speciei
661 918 883 962 auctor.
922 903 1023 962 Ait
1068 902 1219 962 hanc
1257 903 1684 985 madreporam
1716 903 2124 986 conglomera-

404 1020 526 1066 tam
559 1004 851 1080 sessilem,
897 1003 1080 1063 stellis
1114 1003 1539 1080 anfractuosis,
1587 1019 1647 1063 et
1694 1004 1938 1064 lamellis
1974 1025 2124 1087 prae·

406 1106 593 1166 ditam
619 1105 1055 1181 crassiusculis;
1084 1104 1307 1164 deinde
1341 1107 1442 1183 ait,
1465 1107 1784 1189 insigniter
1817 1105 2064 1164 differre
2094 1127 2128 1163 a

405 1208 769 1291 madrepora
797 1208 1153 1283 meandrite,
1177 1206 1476 1268 anfractus
1509 1207 1830 1291 ampliores
1857 1205 2082 1265 habere
2102 1252 2121 1282 ,

408 1324 469 1369 et
511 1310 806 1384 laxiores;
854 1308 1253 1369 substantiam
1296 1308 1680 1383 solidiorem,
1729 1330 1985 1383 saxeam3
2032 1308 2119 1367 in-

407 1409 683 1493 terjectas
715 1409 973 1468 lamellas
1007 1409 1287 1491 singulas,
1320 1412 1556 1491 exiguas
1587 1432 1792 1469 versus
1832 1424 2127 1484 centrum,

408 1526 614 1571 centra
641 1512 769 1594 ipsa
798 1509 1170 1569 lamellarum
1195 1510 1471 1569 radiatim
1502 1510 1813 1569 lamellata.
1846 1510 2126 1591 Denique

410 1627 619 1674 censet
661 1616 870 1672 Pallas
906 1658 921 1686 ,
980 1614 1296 1696 proprium
1364 1634 1584 1672 nomen
1629 1615 1946 1671 Linnceum
1990 1609 2129 1671 huic

410 1717 638 1798 speciei
684 1729 965 1775 mutasse.
1013 1716 1208 1788 Quum
1236 1736 1380 1797 ergo
1418 1715 1700 1773 Linnoeus
1747 1713 1821 1772 de
1855 1713 1968 1772 alia
1989 1734 2131 1796 spe-

411 1819 501 1877 cie
531 1816 847 1890 disseruit,
896 1817 971 1876 de
995 1839 1112 1899 qua
1139 1819 1282 1900 egit,
1314 1838 1434 1876 non
1461 1830 1720 1891 constat,
1745 1831 1925 1898 atque
1969 1814 2126 1892 haee,

413 1918 680 1978 definitio
728 1941 912 2001 quum
942 1921 1216 2002 apprime
1262 1933 1485 1978 nostrae
1524 1920 1751 2001 speciei
1790 1919 2133 1994 conveniat,

414 2043 669 2103 eamque
717 2020 1044 2080 dilucidare
1089 2022 1416 2095 inserviat,
1463 2021 1782 2102 proprium
1829 2034 2135 2079 auctorem

417 2122 613 2182 eidem
661 2144 901 2183 servare
948 2121 1260 2182 debemus.

501 2223 752 2283 Habitat
796 2227 858 2283 in
904 2227 1057 2283 mari
1103 2226 1460 2283 Americano
1509 2237 1568 2283 et
1612 2225 1762 2282 mari
1796 2223 2005 2284 r‘zcbrO.

502 2327 829 2409 Reperitur
888 2329 948 2384 in
995 2326 1147 2386 colle
1195 2327 1549 2386 Taurinensi
1597 2348 1792 2409 prope
1838 2328 2072 2386 Rivalta
2111 2374 2137 2399 ,

419 2450 618 2513 prope
667 2429 981 2488 Veronam
1027 2443 1085 2488 et
1131 2429 1190 2486 in
1237 2429 1583 2487 Germania.

503 2531 797 2590 Musaeum
841 2530 1088 2588 Taurin.
1135 2528 1381 2589 Collect.
1427 2530 1588 2591 Nob.

873 2680 1343 2732 MEANDRINA
1407 2681 1531 2730 CRI
1553 2680 1692 2731 SPA

1145 2808 1425 2847 LAMARCK

421 2904 735 2954 Meandrincz
773 2907 1481 2975 turbinato-hemisplzoerica‚·
1518 2905 1833 2972 anfractibus
1873 2906 2026 2970 latis,
2064 2905 2140 2954 ad

491 3005 723 3042 extrema
776 2994 1007 3044 dilatatis
1033 3035 1045 3059 ,
1083 2996 1585 3061 lamelloso-crispis,
1625 2994 1845 3043 lamellis
1907 3005 2142 3043 serrato-v

490 3083 769 3147 spinulosis.

457 3183 603 3233 Seba.
643 3186 898 3235 Musaeum.
938 3188 984 3236 3.
1024 3186 1126 3235 tab.
1175 3186 1285 3236 108.
1314 3186 1406 3254 fig.
1447 3188 1475 3235 3
1500 3226 1512 3250 ,
1552 3185 1598 3235 5.

456 3272 724 3322 Laniarck.
763 3274 964 3323 Histoir.
1002 3276 1178 3324 invert.
1220 3285 1337 3324 tom.
1377 3292 1425 3323 2.
1457 3290 1579 3340 pag.
1623 3272 1740 3323 388.
