2324 3631
441 171 558 232 156

427 273 908 358 circumscriptiz
952 276 1066 358 ipsi
1127 274 1310 337 colles
1380 276 1912 362 perpendiculares
1971 293 2183 360 sunts

428 371 800 457 lamellisque
847 379 904 433 in
949 390 1206 458 utroque
1236 377 1421 437 latere
1460 381 1703 452 muniti,
1750 402 1881 461 quae
1926 385 2143 442 tenuis-

428 475 592 535 simae
637 491 793 554 sunt,
839 478 919 535 ita
942 492 1006 537 ut
1042 479 1237 561 prima
1282 478 1480 539 sronte
1520 479 1778 540 deficere
1812 481 2141 561 videantur3

427 573 639 634 harum
683 575 1054 637 lamellarum
1099 579 1331 639 indoles
1377 583 1576 663 crispa
1623 596 1894 665 apparet.
2053 563 2056 564 ⁷

515 677 772 737 Interius
821 680 1096 762 inspecta
1143 680 1253 739 hac
1301 681 1669 760 meandrina,
1713 698 1779 743 ut
1806 685 1863 742 in
1892 685 2146 761 caeteriS,

429 777 657 837 cellulae
691 780 1169 863 quamplurimae,
1204 805 1335 864 quae
1361 807 1474 866 pro
1495 800 1667 867 parte
1694 800 1950 867 systema
1977 808 2142 845 com-

427 895 685 961 ponunt,
721 883 1071 965 interseptae
1105 899 1241 944 sunt
1268 887 1327 942 in
1362 907 1571 944 eorum
1596 886 1988 967 longitudine3
2035 886 2145 946 sed

428 983 535 1063 qui
582 1005 717 1040 nam
764 983 910 1042 ordo
959 984 1140 1062 adsit,
1188 986 1565 1069 impossibile
1610 988 1671 1045 in
1717 988 2017 1047 fossilibus
2063 986 2146 1069 ju-

423 1083 625 1143 dicatu
672 1100 794 1162 est,
843 1101 1022 1167 atque
1068 1085 1184 1146 hoc
1233 1110 1417 1146 unum
1464 1087 1765 1148 deducere
1815 1111 2136 1172 possumus

423 1187 922 1270 intersepimenta
956 1190 1246 1248 crassiora
1282 1211 1435 1265 esse,
1466 1205 1526 1249 et
1559 1204 1680 1249 tam
1703 1192 1765 1248 in
1796 1213 1913 1249 uno
1962 1213 2142 1272 quam

426 1288 490 1346 in
550 1288 736 1348 altero
803 1288 990 1348 latere
1072 1305 1243 1349 acuta
1291 1313 1421 1351 esse
1461 1314 1476 1367 3
1523 1294 1584 1349 in
1649 1291 1935 1352 lateribus
1997 1315 2144 1351 con-

425 1391 747 1449 cavitatum
786 1437 801 1464 ‚
847 1393 909 1449 in
956 1392 1170 1471 quibus
1219 1396 1605 1474 reperiuntur
1649 1381 1839 1452 stellae
1867 1440 1882 1467 ‚
1929 1393 2142 1453 adesse

425 1490 898 1573 quamplurimos
945 1492 1183 1568 sulem,
1229 1495 1310 1551 ita
1354 1495 1611 1553 minutos
1659 1494 1842 1553 stellis
1890 1517 2142 1576 respon-

425 1591 634 1653 dentes
667 1643 685 1672 ,
765 1609 830 1653 ut
899 1609 1187 1678 punctata
1231 1594 1646 1677 hujuscemodi
1701 1597 2018 1656 interstitia
2064 1595 2146 1655 di-

432 1717 622 1756 ceres.

513 1799 782 1858 Ulterius
860 1800 1245 1880 investiganti
1293 1799 1658 1882 apparebit,
1707 1799 2087 1859 membranas
2128 1849 2146 1878 ,

433 1922 568 1983 quae
617 1900 855 1960 cellulas
919 1903 1304 1961 transversim
1349 1917 1716 1979 secernunt,
1780 1901 1965 1961 modo
2013 1924 2151 1961 con-

432 2025 602 2063 cavas
643 2051 661 2081 ,
718 2003 899 2062 modo
962 2026 1250 2062 convexas
1285 2052 1301 2079 7
1371 2002 1555 2062 modo
1612 2002 2148 2086 perpendiculares

433 2128 565 2165 esse
606 2108 690 2164 axi
718 2107 902 2188 ipsius
933 2107 1341 2182 meandritzoe3
1383 2105 1625 2165 cellulas
1653 2108 1914 2182 variare,
1952 2127 2154 2187 neque

428 2230 668 2283 novum,
690 2223 755 2267 ut
781 2207 908 2268 haec
942 2208 1286 2267 cellularum
1320 2208 1637 2291 dispositio
1669 2206 1994 2289 aliquando
2035 2230 2152 2266 una

429 2334 564 2371 cum
609 2313 876 2393 margine
904 2360 921 2388 ,
966 2324 1232 2369 astream
1277 2323 1718 2393 repraesentet,
1768 2324 1827 2368 et
1883 2308 2150 2370 lamellas

429 2413 617 2494 ipsaS,
666 2434 803 2493 quae
850 2414 1171 2471 interstitia
1219 2425 1610 2494 componunt,
1657 2431 1769 2469 nec
1796 2431 2040 2493 semper
2084 2431 2149 2470 se

432 2535 498 2574 se
544 2515 797 2573 invicem
845 2513 1235 2597 respondere.

517 2617 884 2675 llffeandrlna
952 2617 1220 2675 daedalea
1292 2615 1436 2674 duas
1501 2613 1686 2674 facies
1738 2614 1812 2674 ad
1877 2619 2149 2674 eamdem

433 2716 624 2775 ferme
649 2717 1095 2775 similitudinem
1124 2731 1425 2776 contextas
1461 2715 1729 2792 exbibet3
1756 2715 2152 2797 quodmirum

436 2817 625 2878 videri
672 2818 947 2902 profecto
997 2818 1245 2894 debuit3
1315 2834 1562 2877 eatenus
1620 2820 1782 2876 enim
1826 2819 2150 2876 convenire

433 2920 639 3003 polypi
687 2923 748 2979 in
786 2920 1051 2980 inferiori
1098 2920 1246 2978 sacie
1295 2919 1552 2996 debent,
1602 2934 1894 3001 quatenus
1927 2940 2149 2977 conve-

436 3025 609 3081 niunt
676 3025 737 3081 in
796 3022 944 3083 facie
1007 3024 1320 3105 superiori.
1396 3023 1544 3080 Haec
1605 3023 1859 3102 quaestio
1926 3019 2153 3101 duplici

437 3126 675 3183 ratione
722 3124 868 3184 solvi
914 3139 1118 3209 potest
1156 3174 1170 3201 ,
1226 3124 1316 3183 vel
1363 3122 1732 3182 admittendo
1778 3124 2151 3210 meandrinoe

437 3224 692 3311 polypos
742 3226 883 3290 duas
932 3229 1212 3288 cavitates
1261 3225 1505 3303 habere,
1560 3246 1781 3307 easque
1825 3223 2038 3285 itidem
2070 3224 2146 3283 si-
