2324 3631
1745 198 1856 278 173

164 304 282 361 rior
342 313 482 359 nota
548 296 884 357 necessaria
941 295 1130 356 videri
1193 294 1444 372 debuit,
1501 315 1577 354 ne
1641 295 1869 357 scilicet

167 424 303 461 cum
344 403 756 483 seryatoporis
802 397 1198 457 confianderet
1234 419 1452 456 novum
1499 418 1723 478 genus3
1769 413 1869 458 aut

168 502 394 584 aliquid
440 501 633 561 eidem
679 497 1007 559 deduceret
1069 498 1144 558 ad
1186 497 1329 558 illud
1392 497 1869 559 confirmandum

166 617 346 685 atque
392 598 894 684 amplificandum.
1680 593 1683 594 ⁷

247 706 388 762 Meo
433 717 632 761 tamen
675 699 912 760 infirmo
955 699 1221 782 judicio,
1265 701 1462 759 minus
1519 713 1659 783 apta
1702 699 1867 760 vide-

164 820 261 865 tur
302 817 631 863 memorata
676 800 975 861 distinctio
998 851 1016 879 ,
1063 816 1122 860 et
1166 800 1283 861 hoc
1330 823 1514 883 genus
1563 825 1699 861 cum
1743 815 1869 883 sty-

163 912 359 988 lipom
407 903 768 986 conjungere
812 925 935 962 non
980 901 1224 977 dubit03
1271 915 1393 960 tota
1439 903 1599 960 enim
1645 918 1869 984 quanta

164 1021 255 1066 est
299 1005 657 1083 differentia,
682 1006 853 1087 ponit
897 1006 957 1062 in
990 1018 1198 1062 centro
1222 1002 1563 1077 stellarum,
1601 1004 1661 1060 in
1706 1007 1872 1087 poriS

166 1120 344 1189 atque
388 1106 667 1180 lamellis,
699 1127 951 1187 quarum
997 1103 1394 1163 diversissima
1439 1105 1499 1161 in
1536 1105 1707 1163 variis
1743 1127 1875 1188 spe-

164 1207 367 1293 ciebus
400 1221 491 1266 est
517 1206 778 1285 indoles,
808 1228 921 1265 nec
960 1219 1288 1288 propterea
1331 1218 1633 1275 constans,
1666 1227 1868 1287 neque

166 1309 460 1367 sufficiens
508 1306 584 1365 ad
628 1328 850 1388 genera
887 1302 1319 1365 constituenda.
1357 1303 1721 1364 Pistillorum
1763 1328 1863 1365 va-

163 1410 341 1468 rietas
370 1455 387 1483 ,
437 1408 630 1492 probe
676 1406 1128 1490 investigando,
1173 1407 1258 1464 uti
1305 1419 1365 1465 et
1410 1428 1697 1487 pororum
1727 1453 1746 1482 ‚
1792 1406 1867 1466 ad

166 1524 395 1570 tantum
440 1508 760 1569 discrimen
804 1506 1207 1567 inducendum
1248 1508 1493 1565 minime
1541 1521 1678 1590 apta
1725 1523 1833 1567 est.

251 1610 495 1671 Habitat
539 1655 554 1670 .
592 1655 606 1668 .
647 1656 660 1669 .
693 1611 1016 1693 Reperitur
1058 1611 1120 1667 in
1157 1607 1307 1668 colle
1332 1609 1685 1669 Taurinensi
1724 1609 1871 1689 (sre-

170 1734 377 1795 quens.
405 1715 430 1793 )

249 1817 402 1874 Mus.
433 1814 676 1872 Taurin.
723 1810 855 1871 coll.
886 1813 1172 1883 Morem,
1216 1809 1542 1883 Roclzetta,
1571 1813 1869 1884 Bellardi,

171 1914 508 1977 Michelotti
546 1914 679 1996 (uti
724 1934 905 1996 supra
942 1913 1326 1994 recensitae).
