2324 3631
413 186 436 226 1

448 164 531 242 44
791 261 1397 317 MONTICULARIA
1442 262 1716 316 MOLLII

1137 390 1384 429 FISCHER

410 489 780 543 Monticularia
818 488 1127 555 subgloboscz
1153 527 1168 554 ,
1204 489 1361 538 stellis
1400 505 1590 557 parum
1640 488 1844 538 elevatis
1865 526 1880 554 ,
1930 491 2064 540 raris
2090 529 2106 556 ‚

468 579 689 628 lamellis
722 578 911 644 grassis
948 579 1175 645 superius
1209 576 1413 626 obtusis,

432 709 655 758 Fischer.
692 706 921 755 Recreat.
957 721 1008 754 n.
1045 703 1094 753 5.
1131 703 1236 753 tab.
1282 721 1324 752 1.
1353 702 1446 772 sig.
1490 720 1533 752 1.
1571 701 1992 772 (hydnophora)

432 795 592 844 Idem.
630 794 917 862 Orryctogr.
954 790 1004 840 d.
1025 791 1249 842 Moscou.
1288 791 1392 841 lab.
1429 792 1514 855 34.
1545 789 1634 858 fig.
1671 793 1722 855 4.

431 881 706 950 Defrance.
743 881 959 930 Diction.
996 878 1084 929 des
1120 881 1299 930 scienc.
1336 888 1498 929 natur.
1535 889 1658 929 tom.
1695 881 1779 929 32.
1809 895 1933 948 pag.
1970 877 2089 929 501.

432 970 720 1020 Blainville.
756 966 960 1018 Manuel
998 966 1199 1017 d'actin.
1230 983 1355 1036 pag.
1392 965 1512 1016 363.

432 1058 702 1111 Lamarck.
737 1057 864 1106 Hist.
900 1055 1052 1104 anim.
1097 1072 1138 1104 1.
1174 1066 1222 1105 et
1259 1073 1309 1105 2.
1345 1052 1464 1103 edic.
1502 1063 1621 1103 tom.
1659 1070 1708 1103 2.
1725 1069 1851 1122 pag.
1889 1054 2011 1122 394.

489 1183 741 1244 Habitat
784 1229 798 1243 .
845 1228 859 1242 .
907 1228 922 1242 .
960 1183 1288 1266 Reperitur
1322 1204 1519 1266 prope
1543 1185 1838 1244 Moscou.·

486 1286 768 1347 Museum
817 1283 985 1346 acad.
1031 1285 1227 1346 Mose.
1275 1284 1557 1346 collectio
1595 1283 1886 1346 Fischer.

802 1533 1410 1588 MONTICULARIA
1457 1534 1739 1586 KNORII

1140 1679 1391 1718 mserum

409 1799 780 1852 Monticularia
835 1797 988 1848 stellis
1035 1797 1415 1866 approximatis
1439 1817 1460 1853 ,·
1520 1794 1740 1844 lamellis
1791 1795 2063 1846 incurvatis
2088 1834 2102 1861 ‚

473 1887 718 1938 brevibus.

433 2027 657 2075 Fischer.
701 2024 849 2073 Recr.
883 2040 933 2072 n.
970 2021 1021 2071 6.
1059 2026 1074 2085 (
1102 2018 1487 2089 hydnophora)

436 2114 623 2164 Knorr.
660 2114 800 2164 Vers.
842 2111 946 2160 tab.
984 2111 1033 2160 3.
1063 2125 1188 2177 pag.
1233 2126 1345 2176 ¹92·
1384 2107 1488 2156 tab.
1522 2107 1689 2175 suppl.
1727 2105 1777 2156 6.

440 2200 712 2252 Guettard.
748 2200 900 2249 Mem.
939 2200 988 2248 3.
1024 2198 1130 2246 tab.
1168 2214 1252 2264 27.
1267 2197 1371 2265 fig.
1409 2213 1438 2245 2
1467 2234 1480 2260 ,
1518 2195 1567 2258 4.

432 2290 701 2339 Lamarck.
737 2288 847 2337 Hist
884 2285 971 2335 des
1009 2286 1162 2334 anim.
1198 2286 1373 2334 invert.
1412 2294 1530 2333 tom.
1569 2301 1618 2333 2.
1648 2297 1773 2351 pag.
1811 2283 1932 2350 394.

492 2407 776 2489 Plerique
820 2418 1033 2490 putant
1068 2402 1222 2463 hanc
1261 2404 1530 2486 speciem
1568 2403 1818 2461 minime
1854 2401 1928 2460 ad
1958 2422 2120 2460 mon-

409 2514 722 2569 ticulus-ias
766 2508 1096 2592 pertinere,
1128 2504 1202 2564 de
1243 2527 1361 2588 quo
1394 2505 1781 2587 quaestionem
1810 2503 2120 2585 suscipere

410 2633 533 2671 non
579 2625 669 2671 est
697 2612 945 2685 animu53
987 2622 1269 2667 attamem
1306 2609 1551 2666 innuam
1575 2628 1643 2666 ex
1680 2605 1805 2666 sola
1834 2603 2120 2664 definitio-

411 2734 490 2772 ne
519 2761 537 2789 ,
576 2712 672 2771 cui
729 2709 1142 2771 tantummodo
1203 2710 1426 2769 innitor
1455 2755 1472 2784 ,
1520 2707 1677 2767 aliud
1723 2707 1840 2766 dici
1887 2728 2066 2790 posse
2105 2727 2121 2781 3

412 2816 614 2876 statim
692 2836 759 2873 ac
840 2813 1002 2872 enim
1081 2809 1335 2871 lamellae
1418 2811 1843 2893 approximatae
1926 2822 2062 2867 sunt
2100 2853 2117 2880 ,

412 2919 733 2976 incurvatae
807 2928 989 2996 atque
1046 2912 1423 2996 conjunctae,
1491 2926 1552 2971 et
1616 2932 1762 2992 quas
1810 2922 2123 2992 apponunt

414 3016 673 3099 figuras,
718 3038 842 3077 non
864 3014 1242 3097 refragantur
1272 3014 1587 3095 quominus
1633 3015 2122 3071 monticulatiam

410 3119 628 3178 Knorii
668 3120 824 3179 inter
883 3122 1340 3176 monac-alarias
1387 3136 1828 3192 recenseamuS,
1876 3127 2110 3174 contra-

415 3223 569 3280 rium
614 3219 762 3302 quid
809 3219 1050 3280 studere
1099 3241 1217 3280 non
1262 3218 1419 3278 licet.
