2324 3631
386 206 463 281 24

379 304 631 388 implexa
675 300 1138 384 conspiciuntur.
1182 296 1337 359 Illud
1399 298 1535 361 hinc
1598 301 1838 385 profluit
1899 301 2084 364 haud-

382 426 680 489 quaquam
719 401 937 462 insulas
969 424 1082 485 pet·
1112 422 1175 461 se
1203 400 1333 461 haec
1363 402 1672 486 polyparia
1705 406 2085 481 constituere,

380 508 485 567 sed
525 504 824 578 cumulos,
863 506 936 563 iis
977 517 1206 562 tantum
1243 505 1302 561 in
1344 503 1517 579 locis,
1556 507 1615 563 in
1654 505 1867 587 quibus
1906 506 2082 567 undae

376 611 569 668 minus
617 605 926 691 prosundae
975 604 1265 663 videntur.
1317 606 1703 688 Quapropter
1765 629 1896 689 quae
1962 630 2084 667 non

376 711 554 770 modo
603 734 633 767 a
680 706 1003 768 viatoribus
1044 707 1172 786 (ι),
1213 705 1319 765 sed
1357 708 1531 764 etiam
1570 731 1601 765 a
1640 709 1922 790 geo!ogiae
1961 709 2083 768 cul·

376 811 604 870 toribus
629 810 742 890 (2),
771 808 844 868 de
877 807 1043 868 hisce
1082 807 1285 868 insulis
1318 806 1677 883 referuntur,
1696 807 2085 870 fundamento

380 927 587 971 carent
635 913 745 991 (3).

461 1016 788 1095 Hucusque
833 1015 1197 1094 incognitum
1237 1033 1422 1094 genus
1459 1012 1520 1070 in
1561 1013 1757 1072 stratis
1796 1012 2084 1095 geologiae

377 1138 495 1175 non
534 1115 714 1174 modo
754 1114 1213 1196 antiquioribuS,
1240 1113 1346 1172 sed
1372 1127 1430 1172 et
1461 1114 1895 1173 recentioribus
1928 1116 2085 1196 ipse-

377 1231 501 1275 met
533 1218 790 1299 primum
821 1215 943 1297 ejus
984 1215 1347 1274 existentiam
1375 1213 1543 1274 fateri
1572 1236 1748 1297 posse
1774 1213 2086 1275 vehemen—

382 1332 475 1376 ter
521 1318 732 1391 laetor-3
779 1316 1089 1376 diluvianae
1137 1318 1296 1375 enim
1340 1317 1527 1376 aetatis
1574 1314 1848 1375 mediana
1901 1329 2083 1376 Strata

385 1417 528 1478 illud
575 1418 857 1477 exhibent
901 1420 962 1475 in
1006 1416 1194 1476 Italia.

824 1553 859 1600 C
878 1551 1276 1601 ORALLIUM
1336 1549 1647 1601 RUBRUM

1152 1676 1328 1714 BAUH.

388 1780 552 1846 Stirpe
579 1779 762 1846 aequali
785 1817 795 1838 ,
815 1778 1080 1841 continua,
1106 1774 1422 1838 dichotoma‚
1446 1776 1578 1823 striis
1597 1774 1832 1824 obsoletis
1858 1773 2088 1842 obliquis.

388 1904 592 1951 Gesner.
630 1903 730 1968 Fig.
766 1900 869 1969 lap.
907 1918 1020 1969 pag.
1065 1903 1175 1949 132.
1217 1899 1521 1949 Corallium.

386 1990 441 2038 C.
477 1991 713 2038 Baulzini.
752 1991 922 2040 Pinax.
960 1987 1189 2037 theatral.
1225 1987 1396 2036 botan.
1433 1986 1589 2035 Basil.
1621 1983 1779 2048 1623,
1807 2000 1929 2055 pag.
1966 1982 2085 2036 366.

380 2081 621 2128 Boccone.
661 2079 781 2127 Obs.
819 2096 943 2126 mar.
990 2076 1136 2143 1674.

384 2166 624 2215 Mars-ilii.
662 2167 786 2214 Hist.
825 2166 989 2213 marit.
1024 2181 1148 2232 pag.
1194 2161 1287 2211 108
1324 2172 1372 2210 et
1406 2178 1506 2228 seq.

383 2254 596 2302 Donati.
634 2252 783 2302 Prod.
823 2252 1012 2301 Adriat.
1034 2291 1047 2316 ,
1079 2267 1201 2319 pag.
1238 2252 1303 2313 43
1331 2288 1344 2314 ,
1380 2250 1485 2299 tab.
1525 2248 1572 2299 5.

386 2341 585 2390 Pallas.
621 2339 871 2390 Elenchus
910 2339 1093 2407 zooph.
1124 2355 1244 2408 pag.
1283 2338 1402 2387 223.

384 2430 628 2478 Cavolini.
664 2429 816 2477 Mem.
847 2444 969 2494 pag.
1008 2429 1092 2476 32.

386 2516 713 2581 Scheweiger.
749 2514 1013 2580 Handbug.
1043 2529 1167 2581 pag.
1203 2513 1323 2575 434.

387 2603 653 2656 Lamarclc.
691 2603 877 2651 Histoir
914 2601 999 2650 des
1037 2601 1186 2649 anim.
1232 2616 1249 2647 1
1294 2608 1340 2647 et
1377 2616 1405 2646 2
1446 2594 1600 2661 edit„
1636 2607 1759 2647 tom.
1796 2616 1843 2647 2.

393 2689 723 2754 Ehremberg.
762 2688 921 2755 Polip.
960 2686 1022 2736 de
1061 2685 1109 2739 la
1145 2704 1268 2737 mer.
1306 2702 1486 2751 rouge,
1519 2701 1641 2752 pag.
1687 2687 1798 2734 130.

474 2830 565 2888 De
604 2833 858 2888 corallio
894 2828 1114 2902 νιιόιό,
1154 2823 1316 2908 quod
1359 2829 1457 2884 isis
1494 2824 1703 2884 nobilis
1741 2822 1980 2881 nomine
2018 2822 2091 2881 si-

399 2945 640 3014 gnatum
672 2943 923 3013 apparet
955 2927 1114 3011 apud
1135 2931 1382 2998 Pallas,
1410 2940 1475 2986 ut
1501 2928 1717 3007 Royen
1740 2936 2093 3007 sequeretur

439 3048 508 3104 (1)
536 3049 743 3089 Kotzbue.
777 3049 935 3101 Voyag.
969 3062 1053 3089 aux
1082 3046 1177 3087 Ind.

442 3120 511 3177 (2)
540 3122 688 3162 Rozet.
721 3120 869 3161 Traitei
902 3121 1024 3162 e'lcim.
1058 3121 1117 3161 du
1150 3119 1359 3173 gdologie‚
1390 3132 1488 3174 pag.
1527 3118 1618 3172 193.
1681 3139 1733 3160 -s

529 3196 628 3235 Ami
656 3195 781 3235 Βονέ.
814 3194 960 3237 Guide
990 3195 1049 3235 du
1080 3193 1240 3249 gdolog.
1272 3206 1449 3246 voyag.,
1484 3201 1582 3233 tom.
1615 3204 1638 3232 2
1659 3223 1670 3244 ,
1701 3204 1799 3248 pag.
1835 3201 1928 3233 121.

440 3267 508 3326 (3)
538 3268 868 3312 Deda-Be‘che.
899 3267 1078 3313 Manuel
1109 3267 1269 3324 gdolog.
1302 3280 1400 3324 pag.
1439 3265 1527 3307 185.
