2324 3631
422 149 532 223 140

402 248 600 309 stellas
630 249 915 322 elevatas,
963 248 1398 331 pyramidatas‚
1435 264 1536 311 aut
1566 250 1879 315 collinares
1901 303 1919 331 ,
1945 253 2109 314 unde

403 372 473 411 ex
516 373 717 411 earum
781 349 1093 432 complexu
1137 348 1422 411 habemus
1467 355 1760 412 montium
1808 354 2107 415 collectio·

399 473 568 529 nem,
616 476 648 510 a
678 473 796 533 qua
841 449 1229 511 similitudine
1273 474 1494 512 nomen
1539 455 1844 537 accepisse
1883 458 2108 515 verosi-

401 553 541 612 mile
589 566 720 611 est:
769 551 904 611 hinc
951 550 1127 612 valles
1161 601 1178 628 ‚
1226 551 1359 612 hinc
1405 556 1716 614 varietates
1745 603 1763 632 ‚
1809 553 1946 615 hinc
1993 555 2112 615 ele·

402 656 816 737 gantissimum
862 652 1244 736 polyparium
1287 654 1704 737 repetendum.

487 754 666 829 Quod
711 756 975 838 pertinet
1041 754 1117 813 ad
1185 776 1350 814 axem
1409 757 1594 839 ipsius
1664 756 1888 834 stellae,
1933 778 2111 816 nemo

403 855 672 931 dubitat,
722 858 867 939 quin
913 877 983 914 ex
1025 858 1422 939 scriptorum,
1471 857 1546 917 de
1593 858 1806 940 quibus
1857 859 2107 941 egimus,

402 959 696 1017 sententia
742 957 1055 1040 ponendus
1104 960 1180 1017 sit
1258 960 1315 1017 in
1362 961 1662 1041 superiori
1709 974 1879 1042 parte
1926 960 2112 1041 ipsius

403 1063 543 1119 coni
584 1084 598 1136 3
645 1060 752 1120 sed
799 1083 982 1142 quum
1036 1059 1340 1120 Lamarck
1387 1082 1551 1119 axem
1597 1060 1925 1119 centralem
1972 1060 2111 1120 soli-

403 1162 545 1222 dum
590 1162 892 1246 appellet,
941 1184 1127 1244 quum
1172 1164 1288 1222 axis
1334 1162 1395 1220 in
1440 1161 1639 1221 medio
1688 1161 1991 1222 stellarum
2035 1163 2115 1221 sit

403 1267 759 1324 constitutus
791 1313 808 1342 ,
856 1279 915 1323 et
986 1263 1063 1323 ad
1122 1263 1325 1324 stellas
1388 1266 1689 1346 pertineat
1725 1310 1742 1338 ‚
1790 1262 2112 1322 dicendum

397 1370 458 1426 in
500 1366 768 1425 inferiori
836 1366 1157 1447 superficie
1205 1364 1554 1447 ponendum
1612 1387 1742 1425 esse
1779 1414 1797 1442 ,
1840 1364 2107 1446 nihilque

404 1471 645 1528 officere
676 1516 692 1544 ,
740 1466 902 1548 quod
962 1467 1214 1548 simplex
1287 1480 1348 1526 et
1408 1465 1685 1525 dilatatus
1753 1471 1879 1541 sit3
1927 1488 2113 1547 quum

398 1571 529 1632 haec
579 1572 936 1629 conveniant
981 1590 1152 1650 aeque
1210 1570 1272 1627 in
1316 1591 1436 1628 uno
1484 1593 1552 1628 ao
1610 1571 1670 1627 in
1716 1569 1903 1628 altero
1950 1591 2112 1629 casu,

401 1671 730 1732 Peculiaris
796 1671 924 1732 haec
998 1673 1438 1732 constitutionis
1514 1673 1746 1755 species
1791 1672 1941 1729 mira
1987 1671 2113 1754 ple-

404 1777 609 1857 risque
677 1776 797 1834 visa
864 1788 1005 1850 est,
1075 1773 1236 1832 unde
1300 1773 1571 1832 nonnulli
1626 1772 1970 1832 dubitarunt
2041 1796 2114 1831 an

402 1898 618 1958 reapse
664 1898 884 1935 novum
931 1896 1117 1957 genus
1167 1888 1351 1950 esset,
1399 1897 1474 1933 an
1521 1874 1742 1934 moduli
1779 1873 1978 1934 forent
2023 1873 2115 1934 hae

405 1991 621 2038 astreoe
667 1979 777 2058 (ι).
836 1978 1033 2035 Priori
1081 1979 1396 2036 sententiae
1447 1975 1875 2035 adhaerendum
1920 1977 2116 2036 existi-

405 2102 542 2155 mo;
587 2102 727 2138 nam
788 2102 898 2162 pro
947 2092 1113 2138 certo
1160 2077 1450 2137 habemus
1500 2077 1747 2160 polypos
1793 2079 1855 2136 iu
1902 2079 1973 2136 iis
2019 2076 2116 2135 ha—

403 2183 666 2242 bitantes
715 2203 777 2241 os
837 2180 1099 2240 habuere
1145 2179 1537 2256 latissimum,
1584 2194 1644 2239 et
1697 2178 2112 2238 membranam

410 2287 471 2344 in
516 2284 622 2343 hac
669 2285 971 2366 superiori
1017 2295 1187 2365 parte
1251 2296 1551 2342 extensam
1585 2331 1602 2359 ‚
1671 2296 1731 2342 et
1797 2280 2118 2340 informem

403 2386 585 2446 fuisse
658 2385 975 2469 polypum3
1031 2383 1200 2466 quod
1278 2405 1346 2442 ex
1418 2385 1603 2467 ipsius
1675 2388 2112 2442 ῐῐιοηιὶεῑιίαιϊά

415 2488 831 2548 observatione
899 2500 1084 2569 patet.
1162 2486 1442 2544 Jamvero
1487 2531 1505 2559 ‚
1566 2482 2118 2566 quemadmodum,

410 2605 476 2650 ut
521 2591 599 2648 ait
637 2588 956 2669 Deslzayes
996 2588 1088 2667 (2)
1131 2588 1475 2668 passimque
1521 2583 1836 2645 confirmat
1885 2586 2116 2656 Owen,

401 2704 718 2775 receptum
790 2689 952 2772 apud
989 2686 1276 2770 zoologiae
1322 2687 1583 2746 cultores
1631 2686 1884 2746 eandem
1940 2708 2109 2766 orga-

407 2815 625 2853 norum
661 2791 950 2867 formam,
998 2787 1250 2849 eandem
1287 2790 1557 2872 speciem
1605 2787 1890 2864 indicare,
1938 2787 2016 2845 ita
2061 2800 2120 2845 et

429 3079 498 3136 (1)
528 3079 764 3136 Dcfivznce.
797 3079 993 3120 Diction.
1027 3079 1099 3118 des
1131 3077 1287 3118 scienc.
1322 3082 1469 3117 natur.
1505 3083 1602 3113 tom.
1637 3075 1701 3114 32.

542 3151 947 3195 Mune-Edwards.
966 3150 1099 3194 Auct.
1119 3152 1174 3192 ad
1191 3149 1422 3191 Lamarck.
1442 3163 1480 3188 9,.
1502 3147 1604 3189 edil.
1628 3149 1699 3188 cit.
1721 3156 1814 3187 lom.
1838 3159 1874 3186 9,.
1893 3161 1991 3201 pag.
2027 3162 2118 3201 292.

429 3227 498 3282 (2)
528 3226 767 3283 DeshayeS.
800 3226 911 3271 Nota
944 3227 997 3268 ad
1029 3232 1141 3268 auct.
1172 3222 1402 3267 Lamarek.
1437 3237 1473 3263 9.
1509 3220 1572 3261 ed.
1595 3230 1690 3262 com,
1726 3235 1762 3275 7.
1796 3235 1892 3276 pag·
1932 3233 1994 3274 17·
