2324 3631
1778 216 1896 275 209

246 292 731 352 Animadvertere
763 313 1002 374 quoque
1030 305 1268 374 oportet
1300 312 1432 372 quae
1463 290 1642 349 tradit
1687 291 1759 351 de
1790 317 1898 375 po·

206 393 344 475 lypo
372 440 386 468 ,
427 395 743 469 nimirum,
789 413 972 474 quum
1053 396 1129 452 sit
1195 413 1413 475 eorpus
1461 392 1853 451 vermiculare
1885 442 1902 470 ,

205 492 388 553 fundo
435 494 640 553 cellula
687 492 1019 570 adnexum,
1055 496 1265 569 cirros,
1312 515 1420 554 seu
1465 492 1758 551 tentacula
1805 514 1908 574 ge-

208 596 288 653 rit
334 596 491 654 circa
536 608 714 675 caput
759 593 911 652 dena
949 643 965 671 ,
1025 595 1081 651 in
1130 617 1435 676 campanae
1501 593 1755 652 formam
1820 615 1908 651 re—

209 717 413 777 pausa:
449 709 634 770 notat,
661 695 1036 777 polyparium
1069 717 1308 777 semper
1341 695 1735 777 subgryseum
1778 715 1910 754 esse

212 797 273 853 in
318 798 500 872 mari,
548 798 834 878 temporis
876 818 1198 878 progressu
1247 795 1524 854 albicans,

295 896 516 954 Notatu
556 917 799 977 quoque
831 896 1275 978 dignissimum,
1324 896 1487 977 quod
1531 895 1717 955 refert
1758 897 1913 954 circa

216 998 655 1055 incrementum
701 1019 903 1055 earum
927 999 1299 1080 specierum,
1348 1020 1480 1078 quae
1521 991 1914 1056 incrustantes

215 1111 376 1169 sunt:
425 1119 603 1157 novas
638 1098 935 1156 interdum
984 1097 1228 1174 loricas,
1275 1100 1530 1179 antiquis
1557 1100 1915 1157 circumcre-

217 1220 421 1276 scere,
470 1221 536 1258 ex
577 1200 790 1280 quibus
836 1199 1095 1281 juniores
1145 1200 1341 1258 denuo
1389 1199 1698 1280 pullulant.

301 1300 410 1359 His
458 1302 725 1376 attentiS,
777 1301 910 1381 quis
977 1302 1316 1381 discoporoe
1363 1321 1546 1381 genus
1595 1298 1920 1357 defendere

223 1400 494 1483 poterit?
540 1401 898 1460 Osculorum
943 1401 1214 1478 indoles,
1260 1416 1439 1482 atque
1487 1400 1770 1482 opercula
1815 1422 1926 1482 per

222 1503 419 1561 omnia
464 1522 526 1561 se
573 1501 799 1561 habent
839 1504 899 1560 in
918 1503 1193 1580 flzcstr’z‘S,
1242 1525 1308 1561 ac
1356 1504 1416 1559 in
1446 1504 1799 1582 disc-oporz’S.

304 1603 477 1663 Idem
526 1603 871 1681 discrimen,
919 1602 1426 1685 quemadmodum
1470 1605 1531 1660 in
1560 1605 1929 1662 sertularieis

221 1726 409 1787 genus
431 1725 550 1762 non
595 1719 809 1779 mutat,
846 1727 1022 1764 eccur
1073 1704 1214 1762 dum
1245 1703 1318 1763 de
1369 1706 1645 1763 Brz'ozois
1677 1704 1928 1785 agimUS,

223 1808 540 1887 proniores
579 1804 724 1864 illud
780 1804 1185 1864 defendimus?
1245 1804 1420 1863 Aliud
1474 1806 1682 1885 utique
1736 1803 1932 1861 dicen-

227 1906 368 1965 dum
409 1905 565 1966 foret
596 1956 614 1984 ,
660 1910 710 1967 si
779 1907 852 1966 de
897 1908 1226 1989 diseoporcc
1259 1955 1276 1983 ,
1323 1920 1504 1988 prout
1551 1927 1682 1963 eam
1726 1903 1936 1962 intelli=

227 2008 315 2091 git
357 2009 921 2080 IVIilne·Edward-5‚
968 2023 1278 2090 ageretur3
1326 2030 1463 2065 nam
1508 2006 1799 2088 polyparii
1846 2004 1932 2062 di-

228 2111 513 2192 spositi0‚
561 2110 906 2169 cellularum
951 2131 1232 2168 numerus
1260 2158 1275 2186 ,
1325 2107 1585 2182 εἰονάο,
1635 2106 1934 2188 peculiare

230 2232 413 2295 genus
463 2211 674 2293 procul
721 2210 901 2270 dubio
942 2211 1228 2270 indicant.

311 2312 558 2371 Habitat
602 2315 659 2371 in
691 2316 842 2372 mari
887 2315 1245 2384 Adriatico,
1291 2311 1779 2384 siffrecllterraneo,
1825 2308 1938 2367 fos-

226 2414 374 2490 silis,
404 2437 599 2497 prope
643 2418 1039 2485 Placentiam,
1079 2435 1271 2495 prope
1294 2416 1452 2488 Asti,
1493 2434 1689 2494 prope
1718 2411 1937 2470 Albam

231 2517 579 2597 Pompejam
599 2562 623 2586 ,
668 2517 724 2574 in
763 2516 970 2575 Sicilia
994 2563 1015 2586 2
1065 2529 1122 2573 et
1154 2514 1310 2572 alibi.

316 2617 470 2676 Mus.
495 2617 681 2675 Paris.
712 2616 905 2675 Lond.
932 2616 1128 2675 Berol.
1156 2616 1352 2695 (viv.)
1385 2616 1625 2673 Taurin.
1660 2611 1939 2692 (fossil.)

743 2736 1098 2784 ESCHARA
1150 2735 1443 2784 CRASSA

528 2842 845 2919 (Flzcstra)
893 2861 1207 2898 DESMARET
1266 2853 1325 2898 et
1379 2859 1647 2896 LESUEUR

238 2960 467 3009 Esclzara
513 2962 819 3023 incrustans,
882 2976 1055 3008 crassa
1076 2981 1096 3015 ,·
1155 2961 1302 3025 septis
1345 2957 1679 3025 ρ’·οηιίιιιιίίς,
1719 2971 1931 3022 superne

300 3047 574 3115 depressis.-
613 3049 806 3096 cellulis
845 3049 1071 3096 brevibus
1090 3070 1109 3102 ,·
1148 3063 1235 3094 ore
1263 3047 1468 3113 amplo,
1508 3045 1702 3092 lunato.

269 3153 568 3216 Desmaret,
607 3164 654 3203 et
673 3156 910 3203 Lesueur.
950 3151 1074 3202 Bull.
1100 3152 1187 3202 des
1206 3156 1383 3202 selene.
1422 3159 1585 3199 natur.
1635 3148 1780 3209 1814.
1812 3163 1935 3213 pag.

344 3241 425 3289 53.
464 3242 566 3290 tal).
607 3260 653 3289 2.
692 3242 776 3307 sig.
825 3262 866 3290 i.

1688 3321 1733 3372 [sq.
