2324 3631
362 207 433 265 16

342 308 644 388 positione
691 307 976 365 innixum.
1009 306 1533 390 Placuit'insuper-
1572 308 2063 373 eodem-'exser-

338 416 576 470 tzilarioe
623 431 845 492 genere
884 432 1098 468 novam
1127 408 1441 485 familiam,
1464 410 1938 496 divisionemque
1968 417 2060 475 in-

342 512 566 569 ducere
594 561 609 586 ,
657 514 1048 570 Sermlarz‘oea
1097 512 1283 593 sem-el
1328 527 1508 593 atque
1554 515 1771 573 iterum
1814 519 2061 577 nomine

335 613 624 688 indicata,
665 613 830 696 cujus
867 614 1240 673 characteres
1272 616 1330 672 in
1371 636 1440 672 eo
1474 617 1855 696 potissimum
1885 640 2061 701 repo-

335 736 480 773 nere
502 716 723 787 maluit,
743 715 907 796 quod
938 737 1156 798 corpus
1185 715 1392 798 polypi
1426 738 1712 775 corneum
1738 717 2060 801 implexum

336 814 604 892 exhibet,
643 817 938 897 liquorem
975 830 1142 875 motu
1169 816 1510 899 praeditum,
1541 819 1768 900 quique
1805 821 1865 878 in
1898 822 2060 880 omni

334 917 558 999 polypo
587 920 989 994 continuatur,
1014 918 1304 978 ostendat.
1323 920 1391 977 In
1418 919 1626 978 ordine
1651 934 2059 1004 autem,quem

331 1022 536 1078 statuit
553 1068 569 1096 ,
618 1019 769 1079 hanc
812 1020 1019 1078 tribuit
1047 1026 1387 1080 sercalariis
1416 1019 1858 1099 definitionem,
1887 1038 1954 1083 ut
1983 1025 2060 1084 sit

331 1122 710 1205 polyparium
756 1145 1075 1196 corneum,
1125 1144 1289 1205 saepe
1334 1121 1693 1200 flexuosum,
1739 1139 1920 1205 atque
1967 1149 2058 1183 ra-

333 1222 562 1283 dicibus
611 1222 990 1283 filiformibus
1039 1223 1374 1298 addictum3
1415 1239 1478 1282 ut
1518 1225 1745 1284 cellulae
1782 1226 2055 1304 sessileS,

328 1325 652 1385 urceolatae
716 1327 867 1401 sint,
913 1341 1091 1407 atque
1152 1325 1377 1384 binubo
1428 1326 1670 1408 oblique
1720 1327 2055 1409 dispositae.-

331 1427 622 1510 Polypum
661 1427 800 1486 dixit
838 1426 1268 1509 hydriformem
1316 1428 1626 1487 tentaculis
1676 1428 1886 1488 ciliatis
1934 1453 2057 1487 mu-

331 1530 539 1587 nitum.
609 1530 910 1587 Caeterum
974 1550 1289 1609 quousque
1342 1528 1553 1588 melius
1621 1553 2053 1611 cognoscamus

326 1630 444 1690 hoc
492 1652 718 1712 genus,
767 1653 863 1689 eas
913 1645 1142 1689 tantum
1190 1632 1428 1713 species
1486 1633 1643 1689 inter
1695 1637 2054 1692 sertiilarias

325 1733 800 1807 recensebimus,
834 1755 970 1813 qua}
1010 1755 1174 1790 axem
1214 1731 1588 1814 perforatum
1626 1731 1920 1792 exhibent.
1961 1736 2052 1793 Ea

330 1835 588 1917 denique
635 1835 808 1895 nobis
858 1834 1081 1893 arridet
1121 1835 1347 1917 opiniO,
1387 1836 1440 1892 vi
1472 1833 1633 1915 cujus
1668 1858 1803 1893 cum
1836 1835 2052 1895 eodem

325 1939 650 1997 Blainville
683 1960 868 2019 genus
907 1940 1037 1996 idioe
1076 1960 1107 1994 a
1144 1939 1511 1996 Lamomuoe
1549 1939 1855 1995 inventum
1890 1939 2049 1997 inter

327 2045 681 2100 serticlarias
727 2042 1098 2122 reponimus.

414 2144 473 2201 Si
519 2165 659 2201 vero
708 2142 781 2200 ad
827 2142 1159 2224 geologiam
1206 2155 1262 2201 te
1310 2155 1656 2218 convertas,
1705 2156 1863 2200 extra
1903 2164 2048 2200 con-

326 2247 634 2305 troversiae
684 2245 872 2302 aleam
917 2246 1180 2327 positum
1220 2258 1310 2303 est
1349 2246 1406 2302 in
1440 2246 1743 2326 primaevis
1777 2246 2049 2325 organici

328 2349 498 2429 regni
546 2346 918 2405 documentis
966 2346 1432 2428 haudquaquam
1493 2348 1792 2428 reperiri,
1847 2348 1926 2404 ita
1984 2361 2049 2405 ut

303 2448 652 2531 fossilisera
680 2464 863 2507 strata
901 2448 1214 2523 inferiora,
1246 2471 1313 2507 ea
1348 2471 1481 2530 quae
1517 2452 1922 2519 transitionis,
1952 2451 2048 2530 jii-

324 2557 591 2622 r‘assieci,
637 2556 880 2610 oolitiea
922 2551 1209 2627 dicimus,
1250 2553 1607 2632 perquirere
1654 2552 1850 2633 possis
1903 2552 2048 2632 quin

327 2657 669 2713 ser-tzilat‘ioe
717 2652 999 2711 indicium
1050 2651 1308 2712 habeas:
1357 2652 1591 2711 videtur
1637 2652 1935 2734 siquidem
1982 2674 2050 2711 ex

325 2758 395 2815 iis
437 2755 757 2837 generibus
792 2777 956 2831 esse,
991 2779 1125 2838 quse
1156 2755 1597 2814 recentioribus
1631 2769 1861 2813 tantum
1894 2769 2046 2813 tem-

255 2940 258 2944 ,
321 2858 572 2942 poribus
612 2860 700 2916 sui
740 2858 952 2917 indicia
991 2858 1331 2939 relinquere
1372 2871 1700 2939 potuerunt
1738 2879 1854 2914 una
1911 2879 2046 2915 cum

321 2974 410 3019 tot
455 2960 576 3018 aliis
626 2960 1019 3018 animantibus
1071 2982 1331 3041 quorum
1392 2957 1572 3016 modo
1634 2956 1783 3016 adeo
1843 2957 2045 3034 utilis,

322 3060 753 3143 laudabilisque
824 3064 1199 3145 investigatio
1257 3064 1316 3120 in
1374 3075 1497 3121 tota
1550 3060 1739 3119 ferme
1799 3062 2045 3143 Europa

331 3178 609 3243 suscepta
654 3163 782 3222 fuit.

410 3265 557 3339 Quae
599 3287 738 3326 sane
779 3266 1135 3328 documenta
1174 3265 1478 3343 deficiunt,
1511 3289 1615 3326 cur
1644 3269 2033 3326 ser‘tzilariam
