2324 3631
743 274 1044 327 ASTRAEA
1095 276 1390 330 FAVOSA
1807 181 1916 240 ¹33

1025 419 1203 458 ESPER

209 534 409 585 Astroea
442 532 742 600 subglobosa
768 571 781 596 ‚
836 534 990 581 stellis
1026 535 1313 599 majusculis
1348 533 1677 600 inaequalibus
1705 573 1716 593 ,
1754 548 1921 600 angu-

280 623 437 686 latis,
493 621 719 686 margine
767 620 1007 670 subacuta
1036 643 1056 676 ,·
1101 622 1379 689 parietibus
1438 620 1867 670 multilamellosis
1891 642 1912 675 ,-

279 709 499 758 lamellis
535 706 771 756 dentatis.

210 795 384 863 Esper.
424 794 677 863 Supplem.
724 812 739 842 1
768 811 890 861 pag.
929 795 996 856 34
1034 796 1135 842 tab.
1173 795 1238 856 45
1278 797 1356 844 tis.
1401 811 1420 843 ι
1465 794 1817 863 (madrepora).

208 883 502 948 Schweiger.
540 880 800 947 Handbug.
830 897 953 949 pag.
990 882 1111 948 4¹9.

209 968 491 1019 Blainville.
529 968 726 1018 Manuel
765 967 1033 1017 d’actinol.
1064 983 1190 1035 pag.
1227 968 1344 1034 375.

295 1108 432 1167 Non
475 1108 686 1189 ignoro
744 1107 1168 1187 madreporam
1190 1105 1478 1188 savosam
1530 1104 1711 1165 fuisse
1764 1128 1916 1165 nuu-

214 1222 488 1289 cupatam
519 1232 551 1265 a
584 1209 870 1282 Linnaeo3
917 1220 1324 1265 verumtamen
1370 1208 1554 1287 magis
1603 1205 1918 1265 crederem

210 1312 592 1366 retioiclarem
634 1320 915 1366 astroeam
957 1306 1067 1366 sub
1128 1305 1243 1366 hoc
1288 1308 1534 1366 nomine
1587 1308 1916 1366 Linnaeano

214 1407 714 1490 comprehensam
757 1407 984 1484 fuisse3
1039 1429 1178 1466 nam
1230 1407 1582 1467 brevissima
1626 1420 1720 1469 est
1765 1405 1913 1466 defi-

203 1513 383 1586 nitio,
431 1509 689 1568 obscura
733 1507 1056 1566 admodum
1096 1509 1351 1567 exaratio
1397 1507 1700 1590 ejusdem;
1734 1521 1916 1589 atque

211 1632 278 1669 ex
324 1609 702 1671 citationibus
732 1654 750 1683 ‚
798 1629 944 1689 quas
988 1607 1206 1683 refert,
1254 1608 1563 1668 evidenter
1606 1608 1796 1690 liquet
1840 1608 1916 1667 de

212 1712 324 1770 alia
367 1724 630 1781 astraea,
690 1731 870 1790 quam
915 1707 989 1767 de
1008 1708 1238 1789 fiwosa
1281 1711 1364 1768 ita
1408 1710 1683 1769 sensisse.

294 1811 468 1871 Clara
492 1826 583 1871 est
610 1809 800 1893 figura
824 1810 1007 1892 ipsius
1042 1809 1200 1892 apud
1230 1811 1415 1885 Seba,·
1438 1824 1618 1893 atque
1651 1812 1913 1870 Gaaltie-

207 1920 263 1972 ri
284 1913 486 1973 tabula
525 1935 646 1972 non
670 1912 831 1972 latet.
864 1913 1164 1972 Praeterea
1189 1913 1248 1970 in
1270 1910 1381 1971 hac
1400 1914 1603 1995 specie
1626 1913 1913 1971 Linnoeas

208 2029 376 2075 notat
419 2012 1106 2097 madreporamfavitem
1132 2016 1364 2088 Pallas,
1391 2036 1570 2096 quam
1607 2015 1911 2073 Lamarol:

209 2116 286 2176 ad
329 2121 719 2177 retioalczrem
763 2129 1050 2198 provocat
1103 2116 1163 2173 in
1207 2116 1395 2198 ipsius
1442 2114 1908 2175 definitionibus.

291 2219 505 2299 Neque
531 2216 717 2276 refert
744 2218 941 2298 Esper·
962 2237 1326 2276 memorasse
1334 2215 1625 2298 scwosam
1654 2218 1908 2288 Linnoei,

211 2334 308 2379 aut
350 2319 655 2379 Lamarolc
684 2317 858 2376 aliam
883 2340 995 2401 pro
1036 2317 1152 2376 alia
1188 2320 1459 2401 speciem
1488 2320 1732 2394 citasse3
1777 2315 1907 2381 haec

207 2421 368 2478 enim
426 2421 624 2479 omnia
686 2418 881 2478 lucem
935 2419 1171 2479 Linnoei
1223 2420 1452 2501 speciei
1504 2421 1747 2479 minime
1801 2418 1905 2476 ad-

213 2519 356 2580 dere
405 2533 672 2603 possunt.

295 2620 543 2680 Habitat
587 2623 649 2680 in
691 2623 840 2680 mari
884 2621 1096 2682 Rabro
1121 2669 1142 2694 ‚
1187 2624 1247 2680 in
1268 2624 1513 2682 Oceano
1552 2623 1782 2682 Indico,

290 2724 615 2806 Reperitur
661 2725 721 2782 in
759 2723 953 2782 Gallia
998 2745 1190 2806 prope
1240 2725 1438 2801 Οἰνεῖ,
1480 2726 1544 2785 in
1584 2725 1905 2799 Sardinia,

212 2823 273 2884 in
321 2825 588 2885 Corsica.

690 2960 990 3012 ASTRAEA
1045 2959 1436 3012 DEFORMIS

906 3104 1233 3144 LAMOROUX

204 3218 402 3269 Astroea
439 3220 591 3271 stellis
627 3221 946 3287 majusculis,
981 3221 1237 3287 oblongis,
1277 3220 1636 3288 inaequalibus,
1676 3219 1906 3269 mallili-
