2324 3631
1747 231 1854 293 107

237 308 452 390 Neque
490 311 799 369 sarcinula
837 327 1139 388 aeropora
1173 304 1459 366 confundi
1492 303 1695 389 potest
1723 331 1859 369 cum

157 415 468 469 sarcinula
498 407 855 491 perforata,
903 422 1001 466 aut
1047 430 1182 467 cum
1224 412 1533 468 sarcinula
1577 422 1809 467 costam
1835 437 1859 482 ,-

160 510 354 570 tubuli
411 514 571 570 enim
635 531 881 590 merge,
934 508 1287 590 superficies
1347 508 1598 569 stellaris
1644 525 1862 570 nostrae

159 618 482 672 sarcinula?
526 610 661 669 huic
695 608 1094 692 conjunctioni
1130 625 1485 694 repugnant.

244 713 492 772 Habitat
534 713 592 769 in
642 714 790 769 mari
833 714 1223 771 Amerieano.

245 815 570 895 Reperitur
616 814 677 870 in
723 811 871 871 colle
916 813 1288 871 Taurinensi.

242 918 515 975 Museum
562 915 801 973 Taurin.
848 914 921 973 N.
985 957 999 972 .
1045 959 1059 972 .
1106 960 1119 973 .
1168 960 1180 973 .
1208 914 1498 975 Collectio
1535 918 1813 977 Bellardi
1837 964 1861 990 ,

160 1016 457 1077 Roehetta
486 1063 508 1089 ,
546 1016 903 1077 Michelotti.

658 1116 1092 1167 SARCINULA
1140 1116 1386 1169 PLANA

580 1243 748 1280 Noms
799 1225 822 1297 (
858 1221 1011 1280 Tab.
1049 1222 1165 1281 IV.
1187 1223 1311 1301 fig.
1360 1222 1452 1300 5)

168 1340 320 1389 Tabis
355 1339 669 1403 rotundatis,
730 1340 1017 1406 elongatis,
1054 1340 1272 1389 adnexis
1299 1379 1312 1404 ‚
1370 1340 1629 1409 superficie
1661 1343 1857 1410 plana,

224 1430 450 1494 margine
490 1430 680 1494 integro
705 1450 724 1484 ,·
751 1425 915 1476 ⁴stellis
942 1429 1059 1477 latis
1081 1430 1379 1497 oequalc‘bus,·
1414 1431 1679 1479 interstitia
1715 1447 1863 1478 mar-

221 1517 421 1582 ginibus
463 1515 650 1564 levibus
686 1517 969 1579 conjuncta.

251 1619 363 1678 Vel
411 1618 469 1677 id
515 1643 695 1678 unum
724 1667 739 1695 ,
787 1618 953 1700 quod
997 1621 1290 1701 margines
1363 1641 1426 1679 se
1494 1641 1558 1680 se
1603 1643 1723 1680 non
1769 1638 1866 1681 ex‘-

164 1721 448 1791 tendant,
493 1720 802 1801 tubulique
839 1743 959 1778 non
991 1720 1139 1780 adeo
1184 1737 1530 1782 constanter
1575 1723 1867 1805 cylindra-

165 1844 333 1881 ceam
382 1821 631 1880 induant
673 1820 925 1879 formam
959 1870 975 1898 ,
1023 1822 1186 1904 quod
1231 1822 1570 1882 ambulacra
1625 1826 1740 1884 sint
1784 1825 1869 1885 le-

165 1925 320 1983 viter
365 1925 598 2000 striata,
642 1923 877 2000 sufficit,
928 1938 993 1982 ut
1044 1923 1198 1983 hanc
1245 1927 1511 2008 speciem
1555 1925 1874 2010 distingua-

165 2047 293 2084 mus
341 2048 372 2082 a
418 2027 666 2108 priore,
712 2048 847 2084 cum
892 2047 1009 2107 qua
1055 2029 1406 2109 ceteroquin
1451 2030 1747 2088 convenit.

245 2127 403 2184 Dum
448 2141 647 2185 tamen
693 2125 766 2185 de
828 2132 1144 2186 sarcinula
1183 2134 1372 2212 plana
1420 2127 1618 2188 dicere
1665 2132 1876 2212 coepi,

160 2227 455 2302 dubitavi,
502 2251 642 2286 num
685 2231 1048 2312 madrepora
1094 2252 1398 2313 acropora
1442 2233 1662 2314 Esperi
1700 2255 1730 2289 a
1757 2235 1876 2292 La-

166 2332 373 2389 marck
418 2329 647 2412 adjecta
690 2336 978 2390 rotzclosoe
1017 2346 1265 2405 aureae,
1312 2355 1615 2415 quamque
1635 2334 1875 2415 saviam

171 2431 317 2490 dixit
372 2431 790 2511 Elzremberg,
837 2431 1113 2513 quaedam
1187 2433 1573 2516 praeseferret
1622 2434 1876 2510 indicia,

170 2555 304 2615 quae
353 2534 694 2592 sufficerent
751 2533 824 2592 acl
871 2533 1390 2616 dignoscendum,
1437 2558 1510 2593 an
1582 2534 1673 2594 hae
1741 2535 1873 2595 duae

168 2636 406 2718 species
452 2636 609 2691 iuter
652 2656 715 2694 se
747 2657 960 2718 reapse
1008 2640 1416 2695 convenirent.

251 2733 682 2793 Definitionem
717 2736 968 2809 Lirznoei,
998 2738 1216 2818 prioris
1244 2736 1609 2797 definitionis
1643 2752 1877 2820 partem

169 2836 418 2919 auferre
492 2858 671 2895 nemo
744 2836 1065 2915 inficiabit,
1112 2838 1249 2898 dum
1332 2838 1631 2915 tradidit,
1677 2838 1872 2899 stellas

172 2937 500 3013 confertas,
541 2938 883 3015 annulares,
916 2940 1278 3022 prominulas
1307 2940 1518 2999 adesse
1554 2945 1612 2997 in
1653 2952 1872 2998 astroea

174 3062 475 3120 acropora
503 3068 525 3113 ,-
573 3040 821 3100 annulos
885 3065 1097 3124 parvos
1127 3091 1143 3119 ,
1208 3041 1509 3101 confertos
1543 3091 1558 3118 ,
1616 3041 1875 3100 elevatos

172 3142 424 3201 eandem
472 3143 742 3225 praebere
776 3194 793 3222 9
840 3143 1021 3204 fundo
1071 3143 1466 3226 profundiori.
1513 3145 1720 3225 Itaque
1761 3143 1877 3201 duo

173 3241 510 3303 definienda
556 3261 877 3327 supersunt
914 3271 928 3326 3
972 3249 1168 3330 primo
1201 3297 1218 3325 ‚
1256 3270 1398 3308 num
1442 3262 1661 3307 cestz‘oea
1707 3257 1873 3306 rotza-
