2324 3631
1867 206 1944 265 35

236 307 591 369 henduntur.
617 309 763 383 Quis
802 305 1169 388 peculiarem
1198 302 1349 363 hanc
1383 303 1836 386 dispositionem
1865 307 1945 364 in·

238 409 463 469 ficialait
503 413 559 469 in
594 412 895 489 gorgonia
927 407 1347 477 atheromata,
1379 428 1558 487 quam
1596 408 1947 487 ceteroquin

241 514 557 570 memorati
587 511 693 568 viri
721 508 795 566 ad
820 512 1154 587 gorgonias
1184 529 1396 590 reapse
1424 505 1616 565 adhuc
1644 508 1946 588 pertinere

242 610 664 672 declararunt?
713 611 859 683 Quis
893 613 1253 689 gorgoniam
1281 614 1601 691 pinnatam
1653 606 1840 666 adhuc
1889 610 1949 665 in

242 713 355 774 hoc
394 734 613 795 genere
651 710 1034 771 recensebit?
1073 712 1154 770 Et
1191 712 1239 771 si
1271 714 1635 790 gorgoniam
1674 708 1946 790 petae-lii-

233 827 465 874 zantem
495 812 569 871 ad
591 816 1027 895 ptet‘ogorgias
1056 834 1176 869 non
1207 810 1569 887 accedimus,
1598 833 1781 892 quum
1812 811 1950 869 alio-

237 918 382 998 quin
424 917 483 973 in
523 914 847 998 polypariis
887 912 1248 972 lamelliferis
1288 911 1352 970 id
1389 911 1644 970 libenter
1674 936 1947 994 agamuS,

233 1018 431 1077 silicet
467 1017 778 1099 singularis
822 1015 1042 1075 ordinis
1075 1014 1451 1074 admittamus
1484 1015 1830 1088 sectionem,
1861 1017 1947 1074 uti

238 1142 488 1180 cernere
529 1134 619 1179 est
655 1121 809 1178 inter
847 1122 1125 1178 ocalinas
1176 1131 1237 1176 et
1281 1115 1390 1175 alia
1434 1136 1688 1197 genera,
1731 1117 1948 1175 mirum

233 1243 356 1280 non
408 1234 531 1297 est3
583 1242 719 1278 nam
769 1220 1094 1301 superioris
1141 1233 1358 1277 crustae
1405 1231 1949 1298 temperamentum

235 1344 356 1380 non
395 1335 583 1380 mutat
621 1323 739 1380 axis
783 1319 1073 1396 indolem,
1106 1341 1305 1401 neque
1343 1317 1724 1401 peculiariter
1769 1319 1949 1377 afficit

236 1426 390 1501 axis,
438 1437 498 1482 et
537 1438 752 1482 crustae
798 1437 1104 1498 naturam,
1149 1424 1234 1480 uti
1279 1422 1460 1480 afficit
1503 1421 1947 1501 symmetricum

230 1524 529 1597 ordinem,
560 1524 650 1582 vel
689 1523 1026 1607 regularem
1057 1523 1516 1606 dispositionem
1547 1520 1745 1603 quoad
1777 1521 1944 1604 poly-

229 1628 398 1708 paria
444 1624 806 1684 lamellifera.

323 1727 596 1806 Denique
625 1747 828 1807 quaero
856 1737 1054 1782 utrum
1085 1737 1293 1805 agatur
1318 1721 1392 1782 de
1419 1721 1687 1804 pluribus
1719 1723 1944 1803 specie-

232 1826 455 1904 bu5,an
479 1827 619 1885 satis
646 1825 871 1885 eisdem
897 1824 1231 1884 consultum
1251 1824 1350 1883 sit?
1370 1824 1640 1883 confusio
1664 1844 1739 1882 ne
1764 1825 1947 1882 omni-

235 1951 311 1988 no
346 1942 620 1987 extranea
660 1930 736 1987 sit
779 1928 1107 2010 propositis
1154 1926 1381 1986 rebus?
1429 1925 1940 2007 Haudquaquam:

238 2053 348 2113 age
379 2030 455 2089 de
479 2035 789 2109 gorgonia
811 2028 1169 2112 lepadffera,
1188 2028 1261 2086 de
1287 2030 1586 2108 gorgonia
1617 2032 1943 2099 nutricata,

229 2134 288 2192 in
328 2131 491 2191 hisce
524 2131 768 2191 habebis
803 2152 988 2214 genus
1013 2134 1301 2206 eunio-ece,
1334 2127 1584 2188 habebis
1613 2133 1942 2202 muricem,-

227 2233 375 2315 quid
413 2231 602 2315 quod,
631 2235 680 2292 si
717 2233 1147 2316 prominentias
1182 2231 1529 2291 cellularum
1560 2232 1940 2312 agnoscimus

228 2336 286 2394 in
309 2358 427 2394 uno
454 2348 512 2393 et
537 2337 599 2393 in
625 2333 812 2393 altero
851 2355 1022 2410 casu,
1051 2355 1358 2414 nunquam
1397 2331 1668 2390 oblivisci
1709 2353 1942 2391 earum-

232 2434 367 2495 dem
399 2436 717 2496 debemus:
751 2434 930 2494 modo
964 2457 1104 2494 vero
1135 2433 1249 2493 hoc
1287 2433 1597 2492 inductum
1624 2447 1734 2509 est,
1764 2447 1848 2508 ut,
1888 2434 1937 2491 si

231 2537 401 2597 elatae
422 2536 511 2597 hae
540 2539 957 2621 prominentiae
983 2539 1121 2613 sint,
1141 2534 1942 2616 attendantur,nequaquam

237 2640 289 2699 si
323 2638 618 2721 oblongae.
652 2639 869 2698 Sileam
909 2637 984 2697 de
1017 2637 1362 2697 charactere
1405 2638 1506 2718 qui
1547 2658 1614 2696 ex
1645 2657 1747 2694 axe
1788 2658 1945 2695 com-

231 2761 442 2823 presso
491 2739 846 2816 deducitur,
901 2741 1003 2822 qui
1069 2740 1128 2796 in
1196 2737 1438 2821 spiculis
1505 2739 1793 2820 ponitur,
1840 2739 1946 2818 qui

235 2842 311 2901 de
363 2842 790 2900 retractatione
839 2840 1199 2924 polyporum
1242 2842 1302 2897 in
1335 2844 1665 2922 plea‘aaris
1723 2837 1942 2898 fertur:

235 2941 348 3009 hoc
396 2941 807 3002 tantummodo
855 2964 1163 3024 quaeram,
1230 2963 1347 3023 qua
1402 2963 1537 2998 nam
1600 2939 1676 2998 de
1723 2961 1939 3013 causa,

232 3046 282 3104 si
335 3043 393 3103 hi
467 3044 843 3104 characteres
908 3045 1181 3104 sufficere
1251 3042 1529 3101 videntur
1591 3043 1651 3099 in
1716 3063 1941 3119 gorgo-

232 3150 391 3217 niis,
435 3168 559 3204 non
613 3148 909 3206 sufficiant
963 3148 1025 3204 in
1084 3145 1258 3221 aliis,
1316 3166 1523 3225 quaero
1569 3167 1643 3202 an
1687 3147 1938 3225 spongia

232 3251 529 3307 nutricata
577 3262 885 3309 auctorum
905 3297 920 3325 ,
967 3270 1041 3306 an
1094 3252 1345 3329 spongia
1401 3251 1745 3305 cancellata
1790 3245 1935 3304 Lin-
