2324 3631
1791 186 1901 245 135

284 277 440 336 Dum
469 275 620 336 hanc
651 276 915 359 speciem
960 277 1241 361 expendit
1281 281 1514 358 Pallas,
1568 282 1759 341 innuit
1798 284 1898 344 du-

206 377 375 459 plicis
422 380 658 461 generis
707 376 904 437 stellas
953 400 1083 438 esse
1122 403 1136 455 3
1184 379 1415 440 scilicet
1459 381 1552 440 vel
1596 386 1905 443 remotius-

207 477 406 555 culaS‚
450 479 542 539 vel
587 478 881 539 confertas
921 527 944 551 2
990 479 1152 539 sulco
1200 480 1485 564 discretas
1517 531 1535 559 ,
1579 484 1902 565 inaequales

205 580 876 661 convexo-prominulas
918 604 930 640 :
1005 582 1236 662 priores
1308 583 1517 665 procul
1582 583 1762 643 dubio
1830 586 1905 644 ad

203 677 376 738 aliam
455 681 721 762 speciem
798 683 1103 763 pertinent
1156 705 1170 757 3
1240 685 1607 765 posteriores
1702 706 1905 743 veram

204 792 481 838 astroeam
523 803 759 840 arcanas
806 785 1195 842 constituunt.

284 881 355 938 In
401 879 780 962 dispendium
844 881 1007 964 hujus
1069 885 1300 966 speciei
1344 907 1556 946 novam
1612 885 1903 946 inducere

204 979 427 1040 studuit
469 984 690 1064 Esper,
738 983 878 1042 dum
915 986 1338 1067 madreporam
1374 1011 1547 1047 uvam
1573 991 1901 1063 constituit,

205 1103 387 1163 quam
431 1085 516 1143 uti
563 1087 790 1144 notavit
833 1089 1214 1162 Lamoroux,
1264 1090 1323 1146 in
1369 1109 1438 1148 ea
1481 1091 1699 1149 iterum
1738 1112 1899 1149 com·

201 1182 384 1264 plecti
432 1183 742 1245 debemus.

283 1285 372 1343 De
417 1299 621 1345 cetero
660 1336 683 1360 ‚
722 1288 888 1347 multi
935 1287 1120 1347 refert
1157 1289 1217 1346 in
1257 1287 1365 1348 hac
1410 1291 1614 1371 specie
1654 1312 1903 1351 consen-

200 1386 312 1445 tire
353 1387 512 1446 circa
556 1411 720 1446 maro

688 1438 722 1471 τ)

201 1501 261 1546 et
289 1490 715 1571 madreporam
740 1514 911 1548 uvam
943 1512 1179 1549 servare
1199 1513 1316 1549 non
1343 1493 1676 1573 possimus3
1707 1508 1907 1553 tamen

726 1391 834 1449 inis
875 1390 1178 1448 stellarum
1226 1405 1539 1468 naturam3
1585 1413 1723 1451 nam
1770 1393 1908 1452 licet

201 1590 251 1648 si
296 1591 595 1672 margines
643 1613 929 1650 convexos
980 1613 1110 1651 esse
1155 1614 1444 1674 ponamus
1481 1643 1499 1672 ‚
1546 1609 1729 1677 atque
1774 1594 1904 1655 haec

202 1689 512 1773 dispositio
561 1693 977 1773 exceptionem
1034 1714 1153 1750 non
1227 1695 1533 1774 patiatur,
1620 1697 1903 1777 quemad·

198 1791 441 1850 modum
506 1793 629 1873 pati
681 1814 800 1850 non
849 1791 1030 1851 debet
1076 1842 1093 1869 ,
1141 1793 1351 1875 procul
1417 1794 1597 1854 dubio
1666 1797 1902 1872 tabula,

201 1913 382 1974 quam
425 1891 715 1952 habemns
747 1915 934 1976 penes
983 1897 1365 1972 Lamoroux,
1409 1895 1736 1977 rejicienda
1783 1915 1903 1973 est,

198 2009 378 2076 atque
424 1994 883 2077 confugiendum
934 1995 1006 2053 ad
1046 1998 1245 2055 icones
1292 1999 1529 2079 Esperi.

280 2095 372 2154 Ad
418 2097 636 2156 Sebam
683 2096 974 2179 denique,
1023 2100 1357 2178 quaestione
1405 2114 1623 2175 exacta,
1656 2122 1905 2162 cernere

201 2212 293 2257 est
339 2200 667 2281 scriptores
716 2201 1027 2281 agnovisse
1078 2203 1499 2284 madreporam
1530 2225 1762 2262 arcanas
1809 2205 1908 2262 3112·

200 2298 440 2381 quando
470 2323 602 2359 cum
624 2302 984 2383 madrepora
1012 2324 1125 2361 twa
1140 2352 1156 2379 ,
1189 2301 1503 2385 aliquando
1529 2326 1663 2362 cum
1687 2318 1905 2365 astraea

193 2409 469 2481 galaoeea
518 2406 879 2480 convenire3
927 2401 1085 2462 unde
1126 2403 1269 2486 quid
1305 2402 1421 2463 sibi
1453 2403 1772 2483 voluerint,
1804 2405 1906 2464 dif-

200 2501 523 2563 ficillimum
569 2508 814 2587 cognitu
858 2521 966 2565 est.

283 2605 355 2662 In
401 2605 602 2665 Svetia
647 2608 901 2689 reperiri
946 2610 1006 2666 in
1063 2620 1218 2667 statu
1262 2605 1452 2666 fossili
1504 2605 1622 2690 jam
1667 2607 1905 2691 pridem

201 2728 234 2764 a
277 2705 530 2765 Linnoeo
575 2708 940 2789 accepimus,

281 2807 531 2867 Habitat
575 2810 636 2867 in
684 2811 931 2869 Oceano
979 2812 1345 2871 Americano
1392 2855 1408 2870 .
1455 2858 1468 2870 .
1515 2856 1528 2870 .
1575 2811 1900 2894 Reperitur

200 2910 262 2968 in
309 2912 552 2984 Svetia,
588 2914 791 2971 Dania
816 2960 832 2987 ,
878 2914 937 2971 in
986 2913 1292 2972 Sardinia.

274 3016 428 3072 Mus,
454 3063 470 3092 ,
498 3016 749 3074 Brittan.
775 3064 792 3092 ,
821 3017 1009 3075 Paris,
1036 3063 1053 3092 ,
1098 3016 1345 3091 Vienn.,
1380 3017 1656 3075 Berolin.
1681 3063 1699 3093 ,
1745 3015 1907 3096 (viv).

286 3117 440 3176 Mus,
487 3117 742 3179 Holmz‘oe
770 3165 792 3190 ,
856 3116 1196 3199 Haplmz'OE‚
1245 3116 1530 3198 (fossilis).
