2324 3631
388 202 464 282 76

378 324 512 384 quae
546 303 748 385 opinio
779 300 920 359 licet
943 319 1063 358 non
1083 297 1521 358 contemnenda
1552 311 1900 380 argumenta
1927 320 2078 380 prae==

383 403 622 479 seferat,
647 417 842 461 tamen
875 416 936 460 et
962 399 1546 483 caryoplzylliarzcm,
1577 414 1637 458 et
1664 403 1918 458 oeulinoe
1965 399 2082 458 dis-

381 507 609 564 crimen
656 525 852 585 neque
900 502 1135 562 difficile
1184 516 1275 561 est
1321 500 1625 584 detegere.

447 604 666 663 Sedulo
697 606 1115 686 investigantes
1143 603 1287 662 duas
1312 601 1598 663 habemus
1627 602 1932 663 stellarum
1955 624 2087 685 spe·

381 708 501 769 cies
547 708 608 764 in
633 709 909 777 oculina,
947 704 1158 764 harum
1204 704 1334 763 aliae
1366 704 1743 776 terminaleS,
1790 702 1922 762 aliae
1962 724 2086 761 non

379 807 718 867 terminales
754 829 768 882 ς
811 821 869 866 at
920 807 981 864 in
1026 804 1462 888 Caryoplzylliis
1513 827 1631 864 non
1715 805 1930 865 adsunt
1973 806 2088 863 nisi

379 907 760 984 terminales,
809 922 1108 991 praeterea
1149 912 1395 966 oeulina
1438 908 1677 965 minime
1710 921 1801 967 est
1830 907 2086 988 longitu-

378 1009 652 1069 dinaliter
694 1026 855 1069 extus
902 1009 1158 1085 sulcata,
1204 1030 1401 1090 neque
1441 1010 1601 1067 omni
1662 1029 1730 1067 ex
1772 1023 1946 1091 parte
1993 1029 2085 1067 ve-

376 1135 512 1170 rum
551 1126 641 1171 est
669 1111 1031 1171 turbinatam
1069 1131 1230 1170 esse:
1258 1109 1715 1192 caryoplzyllias
1756 1123 1985 1184 autem,
2032 1124 2092 1169 et

381 1214 633 1274 sulcatas
683 1228 741 1273 et
786 1213 1114 1273 turbinatas
1165 1234 1295 1272 esse
1352 1234 1419 1271 ex
1464 1210 1817 1271 definitione
1865 1211 2087 1294 colligi-

378 1338 529 1376 mus.
574 1318 832 1375 Demum
876 1314 1037 1398 quod
1107 1313 1256 1374 hanc
1305 1315 1656 1398 opinionem
1698 1312 1964 1390 refellit,
2010 1315 2087 1372 si-

379 1433 506 1477 tum
550 1420 609 1476 in
656 1420 892 1494 intima,
949 1420 1009 1476 in
1054 1439 1194 1475 vera
1239 1416 1544 1476 stellarum
1591 1429 1824 1473 natura.
1879 1412 2088 1473 Adhuc

381 1522 665 1596 conspice
712 1533 937 1578 sectam
980 1517 1194 1576 faciem
1236 1519 1584 1575 interiorem
1624 1515 2089 1597 caryoplgylliOE,

382 1637 442 1681 et
485 1620 729 1680 habebis
779 1619 980 1702 plures
1026 1622 1298 1678 internos
1347 1617 1544 1678 sulcos
1603 1620 1784 1676 costis
1832 1638 2086 1700 respon-

381 1723 590 1783 dentes
638 1725 982 1798 attenuatis,
1030 1744 1165 1803 quae
1213 1735 1476 1780 acentro
1525 1719 1601 1778 ad
1647 1719 1950 1779 stellarum
1995 1741 2087 1779 su-

380 1824 691 1908 perficiem
756 1824 1095 1899 vehuntur,
1140 1823 1303 1882 idem
1374 1844 1448 1880 ne
1518 1821 1719 1880 dicere
1792 1834 1964 1903 potes
2013 1819 2086 1879 de

382 1930 676 1986 occclina?
723 1929 966 1986 minime
1034 1948 1214 2001 saue,
1261 1928 1380 1984 imo
1429 1925 1791 1983 contrariam
1837 1944 2086 2004 prorsus

379 2051 507 2089 rem
553 2029 842 2102 liabebis3
903 2029 1182 2087 nimirum
1221 2076 1238 2104 ,
1286 2040 1466 2085 costae
1514 2025 1625 2084 illae
1673 2025 1977 2084 stellarum
2023 2046 2092 2083 ex

383 2147 589 2191 centro
638 2131 887 2214 prodire
953 2130 1233 2189 videntur
1289 2130 1764 2187 circumcirciter
1795 2189 1808 2203 Ι
1857 2149 1978 2184 non
2023 2147 2091 2185 ex

380 2235 652 2293 inferiori
713 2248 882 2317 parte
929 2235 1217 2315 originem
1263 2231 1592 2308 ducentes,
1649 2233 1734 2289 uti
1793 2231 2090 2288 cernimus

387 2339 446 2395 in
490 2337 947 2418 caryoplzylliis.

466 2427 853 2521 Quapropter
919 2459 985 2496 ez<
1051 2436 1420 2496 lamellarum
1485 2433 1911 2516 dispositione,
1968 2447 2094 2491 tum

385 2543 657 2618 interna,
707 2555 828 2598 tum
886 2554 1125 2598 externa
1155 2588 1168 2613 ,
1218 2560 1283 2596 ex
1350 2536 1655 2597 stellarum
1701 2535 1912 2594 ordine
1959 2556 2095 2593 cou-

389 2642 632 2701 cludere
678 2641 963 2700 debemus
1034 2642 1234 2719 Golass
1288 2640 1673 2722 opinionem,
1723 2640 1826 2720 qui
1869 2657 2090 2716 calysto-

376 2746 644 2828 plzyllias
681 2743 904 2824 rejicit,
953 2745 1143 2802 minus
1192 2742 1394 2802 solidis
1444 2743 1614 2801 inniti
1661 2741 2050 2821 argumentis,

469 2848 609 2906 Non
655 2844 910 2905 diffiteor
940 2895 954 2923 ,
1006 2847 1090 2903 uti
1151 2844 1267 2926 jam
1329 2846 1558 2917 notavi,
1607 2841 1846 2923 aliqua,
1891 2838 1982 2897 vel
2030 2860 2097 2897 ex

389 2948 781 3022 adhaerentia,
828 2947 919 3006 vel
966 2969 1031 3006 ex
1063 2968 1365 3005 ramorum
1405 2944 1833 3027 dispositione,
1864 2954 1922 3000 et
1952 2939 2093 2999 stel-

387 3051 577 3108 larum
622 3049 1040 3123 similitudine,
1091 3063 1295 3131 parata
1343 3068 1474 3106 esse
1523 3045 1597 3104 ad
1635 3060 1888 3125 utraque
1935 3041 2097 3124 poly-

385 3153 552 3233 paria
604 3151 1065 3234 conjungenda,
1107 3149 1213 3209 sed
1278 3150 1452 3207 nimis
1511 3161 1754 3229 vagaret
1799 3145 1896 3202 illc
1930 3193 1945 3220 ,
1994 3146 2094 3225 qui

388 3252 551 3314 hisce
599 3253 1008 3315 tantummodo
1061 3252 1326 3314 suffultus
1379 3248 1676 3333 praesidiis
1710 3253 1992 3309 occtlc'mzs
2034 3248 2093 3303 in
