2324 3631
1746 182 1852 241 171

165 274 282 335 Sed
326 272 624 355 contiguae
669 278 810 328 sunt
846 264 1029 327 stellae
1074 266 1137 323 in
1174 281 1475 324 arenaeea
1499 288 1522 334 ,·
1565 260 1626 318 in
1657 265 1858 342 por-ite

161 380 548 458 complanata
592 392 714 430 nen
759 369 904 428 item
942 392 960 426 .·
1009 370 1261 449 porites..
1290 368 1675 446 complanata
1720 360 1863 419 licet

162 478 226 535 in
271 496 528 534 massam
555 469 925 554 explanatam
967 488 1031 526 se
1061 488 1124 526 se
1157 463 1474 541 extendat,
1518 477 1716 521 tamen
1753 481 1865 518 nec

160 580 497 637 incrustans
555 572 668 630 dici
702 583 939 653 potest:
987 569 1045 626 in
1060 573 1265 651 porite
1295 569 1683 648 complanata
1723 560 1864 621 stel-

158 678 243 738 las
275 699 343 738 ex
361 691 617 756 unoque
647 672 832 732 latele
862 669 1090 748 habes,
1127 690 1248 728 non
1272 670 1416 727 item
1443 668 1505 725 in
1532 682 1861 737 arenacea3

162 802 305 862 elgo
351 776 694 857 conjunctio
725 775 1037 855 uniusque
1093 771 1317 854 speciei
1355 782 1566 828 cessat.

244 877 551 961 Numquid
594 876 755 936 idem
801 873 1124 934 dicendum
1171 872 1245 931 de
1286 875 1484 954 ponte
1497 869 1813 950 furcata?

246 983 422 1041 Ci1ea
454 979 603 1038 hanc
644 979 908 1061 speciem
944 991 1257 1045 notamus,
1302 994 1434 1031 eam
1456 967 1867 1031 tantummodo

165 1084 544 1167 caespitosam
589 1101 720 1140 esse
749 1127 766 1155 ,
808 1100 921 1138 nec
968 1091 1294 1161 propterea
1329 1074 1621 1152 lobatam3
1666 1071 1869 1134 stella-s

166 1187 474 1265 contiguas
521 1181 765 1240 habere.

244 1283 489 1344 Habitat
534 1328 548 1342 .
594 1328 607 1341 .
653 1327 667 1341 .
713 1281 1045 1363 Reperitur
1106 1281 1167 1338 iu
1224 1277 1417 1338 Gallia
1444 1325 1467 1350 ,
1510 1290 1570 1337 et
1613 1278 1673 1335 in
1718 1274 1869 1336 colle

159 1386 511 1446 Taurinensi
540 1431 558 1461 ,
606 1398 666 1444 et
710 1382 867 1441 alibi.

624 1519 959 1570 PORITES
1021 1515 1414 1569 CLAVARIA

879 1661 1160 1700 LAMARCK

172 1783 364 1833 Porites
399 1779 690 1829 dichotoma
715 1779 979 1829 ramulosa
991 1800 1010 1834 ;
1047 1778 1264 1828 ramulis
1298 1779 1506 1840 crassis,
1543 1775 1865 1840 ςυὺεῖαναίἰε,

228 1869 446 1920 obsolete
506 1869 833 1937 compressi53
885 1867 1038 1916 stellis
1095 1866 1215 1916 latis
1238 1904 1252 1930 ‚
1305 1867 1495 1929 sparsis
1521 1902 1536 1930 ‚
1588 1866 1831 1931 contiguis
1855 1901 1871 1928 ‚

229 1957 650 2025 superficialibus.

197 2046 473 2111 Imperato.
511 2045 637 2093 Hist.
677 2052 837 2092 natur.
875 2042 994 2093 802.
1030 2043 1119 2109 fig.
1152 2041 1272 2104 814.

195 2134 376 2183 Moris.
415 2133 541 2180 Hist.
581 2134 628 2182 3.
665 2142 777 2180 sect.
823 2132 899 2182 15.
937 2132 1043 2181 tab.
1089 2149 1165 2180 10.
1189 2130 1286 2197 fig.
1332 2146 1409 2178 12.

199 2223 347 2271 Linn.
385 2221 600 2288 System.
637 2229 798 2270 natur.
830 2236 954 2287 pag.
1000 2237 1148 2287 1279.
1186 2235 1314 2287 spec.
1352 2219 1438 2266 31.

199 2310 393 2358 Pallas.
431 2308 683 2357 Elenchus
722 2307 960 2376 zoophyt.
991 2324 1115 2376 pag.
1142 2308 1246 2369 324
1284 2304 1646 2373 (madrepora)

197 2396 373 2464 Esper.
411 2396 600 2463 Zooph.
637 2397 746 2446 vol.
793 2414 835 2444 1.
866 2413 989 2465 pag.
1037 2398 1150 2445 133.
1188 2396 1293 2444 tab.
1330 2410 1415 2443 21.

197 2485 466 2534 Lamarck.
503 2486 707 2535 Histoir.
745 2486 897 2533 anim.
935 2486 1113 2534 invert.
1152 2494 1271 2543 tom,
1309 2500 1358 2532 2.
1389 2498 1516 2551 pag.
1552 2480 1671 2545 435.

199 2572 484 2621 Blainville.
521 2571 723 2622 Manuel
761 2572 963 2622 d’actin.
994 2588 1118 2641 pag.
1157 2571 1278 2638 396.

197 2660 524 2726 Ehremberg.
561 2660 787 2729 Zoophy.
827 2663 976 2710 maris
1015 2661 1152 2710 rubr.
1184 2675 1309 2730 pag.
1356 2676 1468 2726 117.

255 2799 497 2859 Jamdiu
542 2802 843 2883 cognitam
871 2798 1054 2860 fuisse
1098 2797 1250 2859 hanc
1287 2799 1558 2882 speciem
1596 2809 1889 2856 testantur

173 2903 516 2985 Imperam,
552 2905 800 2974 Pallas,
836 2904 1068 2984 Esper,
1116 2900 1365 2983 aliique;
1412 2901 1698 2982 optimam
1742 2895 1887 2979 figu-

174 3026 300 3062 ram
347 3003 606 3086 praebuit
650 3006 1084 3077 Lamow'oux,
1126 3005 1273 3084 quin
1315 3000 1624 3061 Lamarltii
1667 2998 1887 3059 descri-

177 3108 372 3189 ptioni
419 3106 646 3189 aliquid
692 3105 962 3189 adjiciat,
1008 3104 1101 3165 vel
1145 3103 1438 3165 detrahat.

259 3208 504 3270 Habitat
568 3210 631 3268 in
696 3210 845 3269 mari
897 3207 1084 3269 rubro
1118 3256 1136 3285 ,
1181 3208 1244 3267 in
1297 3204 1480 3268 Indiis
1509 3252 1528 3283 ,
1594 3226 1705 3265 nec
1766 3224 1886 3265 non
