2324 3631
1767 199 1877 259 105

184 301 604 383 Monffortiitm
647 299 817 380 sequi
847 299 1114 381 cupiunt,
1150 310 1215 358 ut
1251 296 1460 357 saltem
1490 298 1618 380 pari
1652 300 1881 380 potian-

185 417 283 461 tur
320 403 633 472 doctrina,
672 420 870 480 neque
900 421 994 458 me
1033 397 1253 459 invidia
1291 397 1669 473 destitutum,
1700 399 1881 459 solius

184 505 446 562 scientiae
511 523 630 560 non
686 501 1051 582 scriptorum
1096 499 1427 577 vindicem,
1471 499 1626 557 malo
1683 501 1882 559 animo

184 615 646 686 prosequantur.

267 705 356 763 De
403 704 639 785 generis
688 702 916 783 origine
963 701 1359 783 disputationi
1402 701 1565 760 locus
1604 722 1725 760 non
1771 713 1881 775 est,

184 819 244 864 at
292 805 524 864 silentio
554 804 872 885 praeterire
915 804 1228 883 nequimus
1265 805 1325 860 in
1353 803 1663 862 tubulariis
1717 817 1878 862 vete-

182 928 316 963 rum
359 905 698 986 specierum
737 951 753 978 ‚
801 924 932 984 quae
996 906 1451 961 sarcinularum
1497 906 1737 964 nomine
1782 926 1881 964 ve-

181 1008 355 1065 niunt
396 1004 824 1063 indicationem
869 1003 1111 1063 habere.

265 1109 508 1165 Attenta
559 1108 740 1188 igitur
802 1104 927 1165 sola
989 1104 1391 1188 cylindrorum
1435 1105 1824 1190 dispositione
1862 1152 1884 1183 ‚

183 1207 277 1265 vel
315 1206 473 1288 apud
517 1222 750 1265 veteres
781 1205 1036 1288 probata
1080 1220 1210 1264 erat
1251 1205 1554 1265 distinctio
1620 1211 1888 1266 sarcinu-

182 1313 382 1366 larum
427 1330 459 1364 a
504 1309 740 1368 caeteris
786 1311 1017 1366 astroeis
1045 1353 1062 1383 ‚
1114 1305 1326 1387 quibus
1391 1329 1527 1366 cum
1565 1310 1887 1368 convenire

182 1431 304 1468 non
340 1430 490 1467 unus
519 1410 770 1467 affirmat
793 1457 810 1485 ,
857 1429 924 1467 ex
951 1410 1019 1467 iis
1044 1456 1061 1485 ‚
1106 1409 1207 1491 qui
1238 1407 1308 1467 de
1340 1408 1616 1492 geologia
1658 1431 1884 1492 nuper-

183 1512 372 1581 rime,
417 1532 538 1567 non
583 1508 808 1568 infelici
855 1524 1031 1592 partu
1059 1556 1076 1584 ,
1124 1512 1514 1592 scripserunt.
1558 1513 1649 1568 Ea
1692 1513 1881 1593 siqui-

187 1610 325 1669 dem
372 1625 464 1670 est
509 1624 716 1668 natura
777 1609 1137 1670 discriminis
1177 1659 1193 1687 ,
1251 1611 1420 1692 quod
1464 1611 1540 1670 ad
1584 1611 1779 1671 stellas
1826 1627 1888 1672 et

186 1711 422 1771 tubulos
490 1717 809 1770 sarcinulce
855 1734 922 1769 ae
978 1724 1193 1770 astrea?
1223 1758 1239 1786 ‚
1294 1726 1360 1771 ut
1419 1713 1628 1772 saltem
1673 1714 1884 1775 saltem

182 1815 386 1896 potior
431 1815 506 1871 sit
545 1861 561 1889 ,
620 1836 799 1895 quam
855 1835 924 1872 ea
953 1862 975 1887 ,
1043 1835 1179 1895 quae
1239 1828 1392 1874 extat
1435 1816 1595 1874 inter
1635 1817 1885 1898 spirffer

185 1937 252 1972 ac
299 1913 731 1974 terebratulam
759 1962 782 1987 ,
831 1916 987 1973 inter
1039 1937 1313 1976 venerem
1347 1964 1365 1993 ,
1416 1929 1477 1976 et
1533 1917 1887 1999 cytheream

185 2016 344 2075 inter
392 2015 713 2076 escharam
756 2031 815 2075 et
832 2017 1148 2094 flustram.

565 2134 1008 2186 SARCINULA
1065 2136 1526 2188 PERFORATA

903 2279 1182 2319 LAMARCK

210 2374 258 2423 S.
296 2374 424 2424 tubis
472 2377 525 2424 in
561 2392 780 2425 massam
817 2381 1140 2444 aggregatis,
1175 2382 1349 2429 erectis
1364 2401 1386 2437 ,·
1423 2381 1671 2448 utrimque
1702 2380 1879 2448 perfb-

244 2464 392 2518 ratis;
416 2465 611 2511 interna
631 2466 829 2532 pariete
856 2467 1119 2516 lamelloso
1143 2468 1364 2532 stellata,
1388 2470 1614 2535 margine
1634 2470 1885 2537 incequali.

209 2549 477 2602 Lamarcls.
513 2552 638 2600 Hist.
674 2552 762 2602 des
799 2556 950 2602 anim.
996 2572 1011 2602 1
1056 2566 1103 2604 et
1140 2574 1168 2604 2
1209 2555 1327 2605 edit.
1359 2572 1482 2623 pag.
1521 2557 1639 2618 341.

211 2636 459 2685 Delonclz.
498 2638 767 2707 Encyclop.
805 2641 986 2708 zooph.
1018 2658 1142 2709 pag.
1179 2642 1300 2709 673.
1342 2665 1347 2673 ³

212 2725 530 2774 Lanzoroux.
570 2726 789 2792 Exposit.
826 2728 1049 2778 method.
1071 2747 1194 2798 pag.
1219 2729 1303 2793 64.

182 2812 496 2873 ,Βίαἰηνίίία
534 2814 749 2863 Diction.
785 2814 871 2865 des
910 2818 1088 2866 scienc.
1126 2826 1287 2867 natur.
1328 2828 1447 2868 tom.
1485 2819 1569 2886 47.
1601 2836 1723 2887 pag.
1762 2819 1880 2881 345.

265 2933 413 2993 Haec
486 2938 719 3018 species
780 2939 1089 2997 constituit
1150 2962 1407 3000 massam
1481 2940 1826 3023 depressam
1861 2987 1883 3012 ,

184 3034 434 3094 solidam
461 3084 477 3111 ,
520 3037 736 3098 tubulis
786 3042 1184 3122 compositam
1230 3041 1559 3121 distinctiS,
1606 3042 1886 3104 stellatim

183 3138 414 3197 interne
463 3138 800 3222 dispositiS,
834 3143 1151 3201 interstitia
1195 3143 1388 3225 plana.

272 3238 516 3299 Habitat
555 3243 613 3299 in
663 3243 908 3302 Oceano
954 3244 1245 3307 Australi.
