2324 3631
792 269 1436 343 PROOEMIUM

346 1149 458 1234 Ea
479 1176 757 1236 naturalis
784 1175 1052 1236 historiae
1079 1197 1240 1258 pars,
1274 1198 1408 1259 quae
1433 1174 1859 1259 zoophytorum
1881 1200 1981 1238 na·

260 1294 484 1355 turam,
507 1282 750 1350 seriem,
777 1277 1205 1360 historiamque
1230 1280 1498 1360 inquirit,
1522 1293 1703 1360 atque
1733 1278 1979 1340 demon-

260 1382 786 1457 st1²at,‘oommuni‚
813 1380 1191 1462 probatoque
1208 1380 1704 1462 Zoophytologioe
1735 1384 1975 1442 nomine

257 1484 462 1541 venire
489 1482 658 1556 solet,
691 1481 1024 1562 eodemque
1050 1481 1337 1541 vocabulo
1371 1482 1599 1564 polypi,
1628 1498 1687 1542 et
1715 1483 1970 1567 polypa-

255 1585 343 1640 ria
388 1583 1003 1665 comprehenduntur.

336 1684 598 1765 Polypos
647 1706 715 1741 ea
761 1684 1080 1742 animantia
1128 1706 1262 1742 cum
1305 1684 1624 1744 Blainville
1673 1686 1966 1764 dicimUS,

252 1807 385 1866 quae
410 1800 718 1866 nequeunt
748 1787 808 1843 in
841 1785 982 1844 duas
1017 1808 1220 1867 aequas
1247 1799 1448 1868 partes
1475 1786 1677 1861 dividi,
1707 1810 1966 1869 quaeque

251 1889 474 1945 circum
507 1902 793 1968 punctum
824 1910 1034 1963 unum,
1067 1889 1151 1945 uti
1175 1901 1466 1962 centrum,
1494 1885 1777 1969 disposita
1808 1904 1964 1963 sunt,

249 2003 308 2047 et
352 1988 642 2047 radiatam
686 1988 939 2047 formam
984 1989 1209 2047 habent
1254 1989 1347 2047 vel
1389 1991 1449 2046 in
1506 2004 1629 2048 tota
1688 1993 1961 2072 corporis

245 2089 435 2148 forma
473 2091 560 2148 vel
601 2092 660 2148 in
699 2091 1136 2149 tentaculorum
1177 2089 1414 2165 ordine,
1449 2092 1506 2148 in
1548 2113 1803 2172 quorum
1844 2093 1961 2151 vim

248 2193 566 2250 animantia
597 2191 824 2250 radiata
854 2192 1127 2274 plerique
1155 2213 1256 2250 eos
1289 2192 1608 2275 appellant.
1639 2193 1960 2275 Polyparia

246 2293 493 2352 dicimus
551 2308 895 2375 tegumenta
954 2294 1335 2374 quorundam
1394 2293 1755 2376 polyporum
1782 2342 1799 2370 ,
1855 2296 1959 2376 qui

244 2394 456 2453 iisdem
505 2395 792 2470 insident,
841 2410 1018 2476 atque
1066 2397 1299 2471 vivunt,
1344 2416 1455 2454 neo
1501 2417 1622 2454 non
1673 2396 1956 2478 multipli-

247 2511 496 2571 cantur,
545 2511 721 2579 atque
769 2511 1042 2556 constant
1090 2518 1208 2555 non
1247 2517 1314 2554 ex
1350 2496 1800 2555 transudatione
1840 2521 1964 2579 po-.

243 2597 535 2680 lyporum‚
569 2596 1071 2679 quemadmodum
1102 2600 1162 2655 in
1194 2600 1469 2657 testaceis
1500 2601 1821 2681 contingit,
1847 2598 1954 2658 sed

244 2721 312 2758 ex
356 2702 559 2758 intima
604 2723 812 2760 eorum
855 2702 1141 2776 essentia,
1185 2698 1518 2782 eujusmodi
1565 2715 1657 2760 est
1700 2721 1952 2760 cernere

242 2803 301 2859 in
350 2805 690 2861 crustaoeis.

323 2903 580 2963 Mirifice
610 2927 751 2964 sane
782 2904 855 2964 de
894 2903 1127 2988 polypis
1169 2903 1242 2963 ab
1286 2903 1657 2981 auctoribUS,
1698 2905 1800 2985 qui
1837 2901 1950 2962 hac

244 3006 316 3066 de
348 3028 413 3065 re
454 3009 860 3089 scripserunt,
899 3007 1225 3066 afferuntur
1264 3006 1654 3081 documenta;
1694 3027 1951 3087 corpora

243 3111 399 3168 enim
430 3109 615 3169 habes
656 3112 714 3168 in
753 3110 863 3170 hac
896 3133 984 3187 re,
1011 3133 1144 3192 quae
1177 3110 1530 3170 obtruncata
1562 3110 1946 3182 reviviscunt,

244 3232 451 3291 quaeve
475 3234 821 3295 compressa
850 3214 909 3271 in
937 3226 1021 3273 tot
1054 3212 1191 3274 alias
1224 3227 1524 3274 mutantur
1553 3210 1768 3293 figuras
1802 3222 1950 3291 quot

1690 3336 1705 3360 1
