2324 3631
444 191 465 228 1
522 192 556 228 o

426 192 651 353 aliquid
697 273 812 331 erit
853 268 1011 330 unde
1060 272 1286 330 oriatur
1331 271 1621 332 confusio,

507 374 755 432 Habitat
791 416 805 429 .
839 417 852 431 .
884 416 900 430 .
946 372 1271 455 Reperitur
1313 374 1375 431 in
1401 374 1817 457 Delphinatu:
1863 375 2137 438 collectio

424 475 774 534 Mielzelotti·
816 474 840 553 (
863 493 930 532 ex
975 472 1133 533 dono
1181 476 1367 556 equit.
1403 475 1591 535 Vesin
1609 477 1654 557 ).

827 627 1161 678 PORITES
1213 626 1734 681 COMPLANATA

713 770 1017 810 LAMARCK.
1063 772 1235 809 Noms
1283 750 1487 827 (Tab.
1533 751 1575 812 6
1603 752 1716 833 sig.
1763 758 1847 831 2)

411 888 607 937 Porites
658 889 709 936 in
748 889 997 937 laminam
1025 890 1225 953 partim
1264 889 1481 937 liberam
1518 890 1809 957 explanata
1834 912 1855 947 ;
1912 906 2132 958 superna

486 975 746 1045 superficie
802 975 1092 1025 subundata
1121 1014 1135 1040 ,
1189 978 1320 1025 stelli
1345 992 1436 1025 era
1465 1015 1479 1038 ‚
1539 978 1695 1026 stellis
1746 980 1943 1045 exiguis
1968 1017 1982 1044 ,
2030 996 2131 1028 non

483 1066 758 1129 continuis,
795 1065 1198 1130 immarginatis3
1237 1066 1513 1113 interstitiis
1551 1065 1758 1114 scabris.

449 1153 720 1202 Lamarck.
759 1153 885 1203 Hist.
924 1155 1079 1202 anim.
1117 1153 1293 1202 invert.
1331 1163 1435 1202 tom
1474 1171 1503 1202 2
1536 1170 1660 1221 pag.
1698 1154 1817 1220 439.

443 1241 731 1289 Blainville.
769 1240 971 1290 Manuel
1009 1239 1060 1289 d’
1089 1243 1237 1290 actin.
1270 1259 1394 1309 pag.
1434 1240 1555 1308 396.

503 1380 633 1439 Nec
661 1378 948 1440 deficiunt
959 1428 977 1458 ,
1024 1378 1165 1439 dum
1196 1378 1271 1439 de
1307 1385 1692 1464 complanata
1709 1385 1911 1464 porite
1950 1380 2133 1441 verba

418 1480 666 1540 facimus
692 1528 710 1558 ,
758 1480 1152 1559 documenta,
1200 1480 1416 1564 quibus
1455 1479 1531 1539 ad
1559 1480 1698 1541 alias
1729 1483 1963 1564 species
2004 1504 2136 1542 eam

412 1605 747 1665 provocare
775 1586 1075 1668 possimus
1098 1609 1111 1644 ε
1137 1583 1307 1644 adest
1336 1584 1616 1644 nimirum
1640 1590 2126 1665 conglomerata,

417 1683 587 1744 adest
631 1684 941 1746 ⁴arenacea
960 1734 983 1760 ,
1028 1686 1430 1767 necsurcatoe
1472 1706 1679 1747 omnes
1725 1687 2133 1769 proprietates

421 1784 857 1848 desideramus·

500 1888 621 1948 Sed
674 1890 777 1949 ubi
835 1893 970 1972 quis
1028 1889 1353 1965 attendat,
1408 1889 1484 1949 ad
1537 1890 1804 1973 priorem
1867 1891 2135 1973 speciem

414 1994 725 2074 pertinere
752 1992 926 2051 aliam
951 1993 1261 2053 stellarum
1284 1991 1574 2067 formam3
1609 1990 1821 2051 adesse
1852 1993 2135 2052 nimirum

413 2096 474 2152 in
509 2099 711 2176 porite
755 2101 1217 2174 conglomerata
1267 2093 1465 2155 stellas
1515 2092 1822 2176 angulatas
1862 2142 1879 2171 ,
1937 2095 2142 2153 conti-—

411 2217 597 2279 guas,
643 2197 1269 2281 aeeroso-cuspidatas
1301 2246 1320 2274 ‚
1366 2211 1548 2279 atque
1593 2195 1858 2255 lamellas
1906 2218 2124 2278 granu-

417 2299 564 2361 latas
596 2347 612 2375 ,
658 2316 724 2360 ut
765 2304 965 2385 Esper
1009 2300 1208 2361 verbis
1254 2315 1420 2376 utar,
1463 2299 1773 2360 distinctio
1817 2301 2136 2382 utriusque

415 2404 645 2485 speciei
673 2426 794 2463 non
832 2405 1020 2465 latet:
1071 2404 1226 2465 adde
1273 2402 1444 2486 quod
1487 2424 1724 2461 ramosa
1770 2403 1849 2461 sit
1891 2403 2131 2463 madre-

408 2527 567 2586 pora
619 2512 1077 2587 conglomerata
1109 2536 1133 2583 ‚-
1199 2520 1408 2567 contra
1465 2508 1694 2588 porites
1744 2511 2134 2586 complanata

419 2629 540 2666 non
586 2609 747 2669 item.
838 2604 842 2607 ¹

493 2710 585 2768 De
631 2733 936 2771 arenacea
975 2713 1170 2772 acrius
1203 2710 1576 2795 disputatur,
1619 2731 1760 2769 nam
1802 2709 1895 2770 vel
1926 2708 2002 2770 ob
2034 2709 2127 2786 id,

420 2810 586 2893 quod
637 2814 880 2872 minutae
928 2813 1118 2876 stellae
1159 2863 1177 2892 ,
1244 2835 1457 2896 eaeque
1503 2812 1902 2874 subconeavae
1959 2813 2074 2870 sint
2113 2834 2128 2888 3

419 2928 601 2995 atque
657 2928 777 2973 tam
825 2921 1060 2998 porites
1106 2939 1407 2977 arenacea
1477 2937 1656 2998 quam
1691 2919 1925 2997 porites
1968 2935 2129 2973 com-

409 3021 667 3097 planata
706 3018 1022 3100 praebeant
1064 3021 1368 3102 margines
1409 3015 1858 3102 superficialeS,
1905 3015 2129 3076 deinde

418 3116 583 3198 quod
627 3118 814 3180 ambae
860 3123 1095 3204 species
1144 3121 1469 3205 explanatae
1515 3122 1632 3180 sint
1662 3168 1679 3197 >
1748 3141 1869 3179 non
1914 3117 2127 3201 injuria

415 3221 550 3300 quis
597 3236 896 3303 satageret
927 3222 1070 3284 duas
1112 3225 1170 3283 in
1200 3246 1380 3285 unam
1424 3223 1693 3306 speciem
1740 3241 2123 3283 concurrere.
