<?xml version="1.0" encoding="UTF-8"?>
<!DOCTYPE html PUBLIC "-//W3C//DTD XHTML 1.0 Transitional//EN"
    "http://www.w3.org/TR/xhtml1/DTD/xhtml1-transitional.dtd">
<html xmlns="http://www.w3.org/1999/xhtml" xml:lang="en" lang="en">
 <head>
  <title>
</title>
<meta http-equiv="Content-Type" content="text/html;charset=utf-8" />
  <meta name='ocr-system' content='tesseract 3.04.00' />
  <meta name='ocr-capabilities' content='ocr_page ocr_carea ocr_par ocr_line ocrx_word'/>
</head>
<body>
  <div class='ocr_page' id='page_1' title='image "./specimenzoophyto00mich_0227.png"; bbox 0 0 2324 3631; ppageno 0'>
   <div class='ocr_carea' id='block_1_1' title="bbox 655 232 1904 359">
    <p class='ocr_par' dir='ltr' id='par_1_1' title="bbox 655 232 1904 359">
     <span class='ocr_line' id='line_1_1' title="bbox 1782 233 1849 268; baseline 0.015 -1"><span class='ocrx_word' id='word_1_1' title='bbox 1782 233 1849 268; x_wconf 77' lang='lat'><em>21</em></span> 
     </span>
     <span class='ocr_line' id='line_1_2' title="bbox 655 232 1904 359; baseline 0 -1"><span class='ocrx_word' id='word_1_2' title='bbox 655 308 934 358; x_wconf 88' lang='lat' dir='ltr'><strong>TETHIA</strong></span> <span class='ocrx_word' id='word_1_3' title='bbox 994 307 1459 359; x_wconf 82' lang='lat' dir='ltr'><strong>LYNCURIUM</strong></span> <span class='ocrx_word' id='word_1_4' title='bbox 1860 232 1904 289; x_wconf 70' lang='grc'>9</span> 
     </span>
    </p>
   </div>
   <div class='ocr_carea' id='block_1_2' title="bbox 920 467 1202 506">
    <p class='ocr_par' dir='ltr' id='par_1_2' title="bbox 920 467 1202 506">
     <span class='ocr_line' id='line_1_3' title="bbox 920 467 1202 506; baseline 0 0"><span class='ocrx_word' id='word_1_5' title='bbox 920 467 1202 506; x_wconf 86' lang='lat' dir='ltr'><strong>LAMARCK</strong></span> 
     </span>
    </p>
   </div>
   <div class='ocr_carea' id='block_1_3' title="bbox 208 598 1907 755">
    <p class='ocr_par' dir='ltr' id='par_1_3' title="bbox 208 598 1907 755">
     <span class='ocr_line' id='line_1_4' title="bbox 208 598 1907 668; baseline 0 -20"><span class='ocrx_word' id='word_1_6' title='bbox 208 598 388 648; x_wconf 83' lang='lat' dir='ltr'><em>Tethia</em></span> <span class='ocrx_word' id='word_1_7' title='bbox 420 599 666 666; x_wconf 83' lang='lat' dir='ltr'><em>globosa,</em></span> <span class='ocrx_word' id='word_1_8' title='bbox 705 599 1045 649; x_wconf 76' lang='lat' dir='ltr'><em>subcorticata</em></span> <span class='ocrx_word' id='word_1_9' title='bbox 1061 624 1079 656; x_wconf 82' lang='lat'><em>,·</em></span> <span class='ocrx_word' id='word_1_10' title='bbox 1085 600 1246 668; x_wconf 82' lang='lat' dir='ltr'><em>fibris</em></span> <span class='ocrx_word' id='word_1_11' title='bbox 1282 620 1307 649; x_wconf 86' lang='lat' dir='ltr'><em>e</em></span> <span class='ocrx_word' id='word_1_12' title='bbox 1345 612 1512 650; x_wconf 79' lang='lat' dir='ltr'><em>centro</em></span> <span class='ocrx_word' id='word_1_13' title='bbox 1551 599 1907 657; x_wconf 72' lang='lat' dir='ltr'><em>radiantiInzs;</em></span> 
     </span>
     <span class='ocr_line' id='line_1_5' title="bbox 272 687 856 755; baseline 0.002 -20"><span class='ocrx_word' id='word_1_14' title='bbox 272 687 529 755; x_wconf 77' lang='lat' dir='ltr'><em>superficie</em></span> <span class='ocrx_word' id='word_1_15' title='bbox 575 705 856 736; x_wconf 71' lang='lat' dir='ltr'><em>verrucosa.</em></span> 
     </span>
    </p>
   </div>
   <div class='ocr_carea' id='block_1_4' title="bbox 239 775 1438 930">
    <p class='ocr_par' dir='ltr' id='par_1_4' title="bbox 239 775 1438 930">
     <span class='ocr_line' id='line_1_6' title="bbox 239 775 1438 843; baseline 0.002 -20"><span class='ocrx_word' id='word_1_16' title='bbox 239 775 475 824; x_wconf 84' lang='lat' dir='ltr'><em>Marsilii.</em></span> <span class='ocrx_word' id='word_1_17' title='bbox 512 776 634 823; x_wconf 80' lang='lat' dir='ltr'><em>Hist.</em></span> <span class='ocrx_word' id='word_1_18' title='bbox 673 777 836 823; x_wconf 81' lang='lat' dir='ltr'><em>marit.</em></span> <span class='ocrx_word' id='word_1_19' title='bbox 875 776 978 824; x_wconf 85' lang='lat' dir='ltr'><em>tab.</em></span> <span class='ocrx_word' id='word_1_20' title='bbox 1026 775 1203 843; x_wconf 68' lang='lat' dir='ltr'><strong><em>14fig.</em></strong></span> <span class='ocrx_word' id='word_1_21' title='bbox 1244 795 1335 843; x_wconf 83' lang='lat'><em>72,</em></span> <span class='ocrx_word' id='word_1_22' title='bbox 1377 779 1438 843; x_wconf 79' lang='lat'><em>73</em></span> 
     </span>
     <span class='ocr_line' id='line_1_7' title="bbox 240 861 1209 930; baseline 0.003 -21"><span class='ocrx_word' id='word_1_23' title='bbox 240 862 449 910; x_wconf 80' lang='lat' dir='ltr'><em>Donati.</em></span> <span class='ocrx_word' id='word_1_24' title='bbox 486 861 719 910; x_wconf 80' lang='lat' dir='ltr'>Adriatic.</span> <span class='ocrx_word' id='word_1_25' title='bbox 750 880 874 930; x_wconf 82' lang='lat' dir='ltr'><em>pag.</em></span> <span class='ocrx_word' id='word_1_26' title='bbox 912 862 976 911; x_wconf 81' lang='lat'><em>62</em></span> <span class='ocrx_word' id='word_1_27' title='bbox 1019 864 1122 912; x_wconf 80' lang='lat' dir='ltr'><em>tab.</em></span> <span class='ocrx_word' id='word_1_28' title='bbox 1160 882 1209 930; x_wconf 89' lang='lat'><em>9.</em></span> 
     </span>
    </p>
   </div>
   <div class='ocr_carea' id='block_1_5' title="bbox 239 949 1605 1193">
    <p class='ocr_par' dir='ltr' id='par_1_5' title="bbox 239 949 1605 1193">
     <span class='ocr_line' id='line_1_8' title="bbox 239 949 1256 1017; baseline 0.006 -22"><span class='ocrx_word' id='word_1_29' title='bbox 239 950 414 1016; x_wconf 82' lang='lat' dir='ltr'><em>Esper.</em></span> <span class='ocrx_word' id='word_1_30' title='bbox 452 950 626 1017; x_wconf 88' lang='lat' dir='ltr'>Suppl.</span> <span class='ocrx_word' id='word_1_31' title='bbox 664 969 691 998; x_wconf 87' lang='lat'><strong>2</strong></span> <span class='ocrx_word' id='word_1_32' title='bbox 733 951 837 999; x_wconf 83' lang='lat' dir='ltr'><em>tab.</em></span> <span class='ocrx_word' id='word_1_33' title='bbox 882 968 941 1017; x_wconf 85' lang='lat'><em>¹9</em></span> <span class='ocrx_word' id='word_1_34' title='bbox 969 950 1060 1017; x_wconf 82' lang='lat' dir='ltr'><em>fig.</em></span> <span class='ocrx_word' id='word_1_35' title='bbox 1098 952 1132 1013; x_wconf 70' lang='grc'>4</span> <span class='ocrx_word' id='word_1_36' title='bbox 1158 990 1170 1014; x_wconf 83' lang='grc'>,</span> <span class='ocrx_word' id='word_1_37' title='bbox 1209 949 1256 1001; x_wconf 81' lang='grc'><em>5.</em></span> 
     </span>
     <span class='ocr_line' id='line_1_9' title="bbox 240 1038 1605 1106; baseline 0.002 -23"><span class='ocrx_word' id='word_1_38' title='bbox 240 1038 506 1086; x_wconf 66' lang='lat' dir='ltr'><em>Lamarcls.</em></span> <span class='ocrx_word' id='word_1_39' title='bbox 544 1039 669 1087; x_wconf 80' lang='lat' dir='ltr'><em>Hist.</em></span> <span class='ocrx_word' id='word_1_40' title='bbox 705 1040 858 1087; x_wconf 81' lang='lat' dir='ltr'><em>anim.</em></span> <span class='ocrx_word' id='word_1_41' title='bbox 895 1040 1069 1087; x_wconf 82' lang='lat' dir='ltr'><em>invert.</em></span> <span class='ocrx_word' id='word_1_42' title='bbox 1109 1049 1226 1087; x_wconf 82' lang='lat' dir='ltr'><em>tom.</em></span> <span class='ocrx_word' id='word_1_43' title='bbox 1265 1058 1292 1088; x_wconf 92' lang='lat'><strong>2</strong></span> <span class='ocrx_word' id='word_1_44' title='bbox 1326 1056 1450 1106; x_wconf 81' lang='lat' dir='ltr'><em>pag.</em></span> <span class='ocrx_word' id='word_1_45' title='bbox 1488 1038 1605 1106; x_wconf 79' lang='lat'>592.</span> 
     </span>
     <span class='ocr_line' id='line_1_10' title="bbox 239 1125 1217 1193; baseline 0.001 -22"><span class='ocrx_word' id='word_1_46' title='bbox 239 1125 538 1190; x_wconf 83' lang='lat' dir='ltr'><em>Flemming.</em></span> <span class='ocrx_word' id='word_1_47' title='bbox 574 1126 716 1174; x_wconf 75' lang='lat' dir='ltr'><em>Britt.</em></span> <span class='ocrx_word' id='word_1_48' title='bbox 753 1128 903 1174; x_wconf 84' lang='lat' dir='ltr'><em>anim.</em></span> <span class='ocrx_word' id='word_1_49' title='bbox 936 1143 1058 1193; x_wconf 82' lang='lat' dir='ltr'><em>pag.</em></span> <span class='ocrx_word' id='word_1_50' title='bbox 1100 1125 1217 1175; x_wconf 87' lang='lat'>520.</span> 
     </span>
    </p>
   </div>
   <div class='ocr_carea' id='block_1_6' title="bbox 220 1260 1915 1422">
    <p class='ocr_par' dir='ltr' id='par_1_6' title="bbox 220 1260 1915 1422">
     <span class='ocr_line' id='line_1_11' title="bbox 298 1260 1915 1344; baseline 0.001 -26"><span class='ocrx_word' id='word_1_51' title='bbox 298 1261 544 1319; x_wconf 78' lang='lat' dir='ltr'><em>Habitat</em></span> <span class='ocrx_word' id='word_1_52' title='bbox 576 1263 636 1319; x_wconf 87' lang='lat' dir='ltr'><em>in</em></span> <span class='ocrx_word' id='word_1_53' title='bbox 672 1261 1122 1321; x_wconf 82' lang='lat' dir='ltr'><em>Mediterraneo</em></span> <span class='ocrx_word' id='word_1_54' title='bbox 1151 1304 1167 1320; x_wconf 91' lang='lat'><strong>.</strong></span> <span class='ocrx_word' id='word_1_55' title='bbox 1216 1308 1228 1319; x_wconf 88' lang='lat'><strong><em>.</em></strong></span> <span class='ocrx_word' id='word_1_56' title='bbox 1276 1308 1287 1319; x_wconf 94' lang='lat'><strong>.</strong></span> <span class='ocrx_word' id='word_1_57' title='bbox 1321 1263 1650 1344; x_wconf 78' lang='lat' dir='ltr'><em>Reperitur</em></span> <span class='ocrx_word' id='word_1_58' title='bbox 1675 1263 1736 1320; x_wconf 82' lang='lat' dir='ltr'><em>in</em></span> <span class='ocrx_word' id='word_1_59' title='bbox 1766 1260 1915 1320; x_wconf 82' lang='lat' dir='ltr'><em>colle</em></span> 
     </span>
     <span class='ocr_line' id='line_1_12' title="bbox 220 1362 593 1422; baseline 0.003 -3"><span class='ocrx_word' id='word_1_60' title='bbox 220 1362 593 1422; x_wconf 81' lang='lat' dir='ltr'><em>Taurinensi.</em></span> 
     </span>
    </p>
   </div>
   <div class='ocr_carea' id='block_1_7' title="bbox 685 1497 1462 1719">
    <p class='ocr_par' dir='ltr' id='par_1_7' title="bbox 685 1497 1462 1719">
     <span class='ocr_line' id='line_1_13' title="bbox 739 1497 1405 1549; baseline 0.002 -1"><span class='ocrx_word' id='word_1_61' title='bbox 739 1497 1019 1548; x_wconf 78' lang='lat' dir='ltr'>TETHIA</span> <span class='ocrx_word' id='word_1_62' title='bbox 1075 1499 1405 1549; x_wconf 88' lang='lat' dir='ltr'>SIMPLEX</span> 
     </span>
     <span class='ocr_line' id='line_1_14' title="bbox 685 1638 1462 1719; baseline 0 -22"><span class='ocrx_word' id='word_1_63' title='bbox 685 1660 852 1697; x_wconf 75' lang='lat' dir='ltr'><em>Noms</em></span> <span class='ocrx_word' id='word_1_64' title='bbox 901 1638 1097 1714; x_wconf 79' lang='lat' dir='ltr'><em>(Tab.</em></span> <span class='ocrx_word' id='word_1_65' title='bbox 1147 1641 1328 1718; x_wconf 75' lang='lat' dir='ltr'><em>Sfig.</em></span> <span class='ocrx_word' id='word_1_66' title='bbox 1373 1639 1462 1719; x_wconf 83' lang='lat'><em>6)</em></span> 
     </span>
    </p>
   </div>
   <div class='ocr_carea' id='block_1_8' title="bbox 219 1789 1915 1945">
    <p class='ocr_par' dir='ltr' id='par_1_8' title="bbox 219 1789 1915 1945">
     <span class='ocr_line' id='line_1_15' title="bbox 219 1789 1915 1860; baseline 0.002 -21"><span class='ocrx_word' id='word_1_67' title='bbox 219 1791 396 1839; x_wconf 79' lang='lat' dir='ltr'><em>Telhia</em></span> <span class='ocrx_word' id='word_1_68' title='bbox 428 1790 645 1856; x_wconf 71' lang='lat' dir='ltr'><em>globosa</em></span> <span class='ocrx_word' id='word_1_69' title='bbox 674 1829 687 1854; x_wconf 88' lang='lat'>,</span> <span class='ocrx_word' id='word_1_70' title='bbox 723 1792 893 1839; x_wconf 78' lang='lat' dir='ltr'><em>stratis</em></span> <span class='ocrx_word' id='word_1_71' title='bbox 934 1789 1129 1857; x_wconf 78' lang='lat' dir='ltr'><em>exiguis</em></span> <span class='ocrx_word' id='word_1_72' title='bbox 1165 1791 1381 1857; x_wconf 78' lang='lat' dir='ltr'><em>obtecta,</em></span> <span class='ocrx_word' id='word_1_73' title='bbox 1413 1791 1657 1860; x_wconf 57' lang='lat' dir='ltr'><em>pedae-ilio</em></span> <span class='ocrx_word' id='word_1_74' title='bbox 1693 1795 1915 1857; x_wconf 73' lang='lat' dir='ltr'><em>munita,</em></span> 
     </span>
     <span class='ocr_line' id='line_1_16' title="bbox 271 1876 1129 1945; baseline -0.001 -18"><span class='ocrx_word' id='word_1_75' title='bbox 271 1876 622 1945; x_wconf 79' lang='lat' dir='ltr'><em>foraminibus</em></span> <span class='ocrx_word' id='word_1_76' title='bbox 658 1879 792 1926; x_wconf 84' lang='lat' dir='ltr'><em>raris</em></span> <span class='ocrx_word' id='word_1_77' title='bbox 818 1917 831 1943; x_wconf 84' lang='lat'>‚</span> <span class='ocrx_word' id='word_1_78' title='bbox 880 1879 1129 1927; x_wconf 82' lang='lat' dir='ltr'><em>obsoletis.</em></span> 
     </span>
    </p>
   </div>
   <div class='ocr_carea' id='block_1_9' title="bbox 307 2016 1831 2100">
    <p class='ocr_par' dir='ltr' id='par_1_9' title="bbox 307 2016 1831 2100">
     <span class='ocr_line' id='line_1_17' title="bbox 307 2016 1831 2100; baseline -0.001 -24"><span class='ocrx_word' id='word_1_79' title='bbox 307 2016 558 2076; x_wconf 82' lang='lat' dir='ltr'><em>Habitat</em></span> <span class='ocrx_word' id='word_1_80' title='bbox 600 2060 614 2074; x_wconf 89' lang='lat'><strong>.</strong></span> <span class='ocrx_word' id='word_1_81' title='bbox 663 2063 676 2075; x_wconf 90' lang='lat'><strong>.</strong></span> <span class='ocrx_word' id='word_1_82' title='bbox 726 2062 738 2074; x_wconf 89' lang='lat'><strong><em>.</em></strong></span> <span class='ocrx_word' id='word_1_83' title='bbox 786 2018 1114 2100; x_wconf 81' lang='lat' dir='ltr'><em>Reperitur</em></span> <span class='ocrx_word' id='word_1_84' title='bbox 1157 2019 1217 2076; x_wconf 90' lang='lat' dir='ltr'><em>in</em></span> <span class='ocrx_word' id='word_1_85' title='bbox 1263 2017 1831 2077; x_wconf 72' lang='lat' dir='ltr'><em>colle‘Taurinensi.</em></span> 
     </span>
    </p>
   </div>
   <div class='ocr_carea' id='block_1_10' title="bbox 641 2185 1517 2239">
    <p class='ocr_par' dir='ltr' id='par_1_10' title="bbox 641 2185 1517 2239">
     <span class='ocr_line' id='line_1_18' title="bbox 641 2185 1517 2239; baseline 0.001 -4"><span class='ocrx_word' id='word_1_86' title='bbox 641 2185 923 2236; x_wconf 86' lang='lat' dir='ltr'><strong>TETHIA</strong></span> <span class='ocrx_word' id='word_1_87' title='bbox 980 2187 1517 2239; x_wconf 87' lang='lat' dir='ltr'><strong>SYPHONIFERA</strong></span> 
     </span>
    </p>
   </div>
   <div class='ocr_carea' id='block_1_11' title="bbox 1001 2332 1167 2369">
    <p class='ocr_par' dir='ltr' id='par_1_11' title="bbox 1001 2332 1167 2369">
     <span class='ocr_line' id='line_1_19' title="bbox 1001 2332 1167 2369; baseline -0.006 -1"><span class='ocrx_word' id='word_1_88' title='bbox 1001 2332 1167 2369; x_wconf 82' lang='lat' dir='ltr'>NOBIS</span> 
     </span>
    </p>
   </div>
   <div class='ocr_carea' id='block_1_12' title="bbox 226 2445 1934 2516">
    <p class='ocr_par' dir='ltr' id='par_1_12' title="bbox 226 2445 1934 2516">
     <span class='ocr_line' id='line_1_20' title="bbox 226 2445 1934 2516; baseline 0.004 -22"><span class='ocrx_word' id='word_1_89' title='bbox 226 2446 406 2494; x_wconf 80' lang='lat' dir='ltr'><em>Tethia</em></span> <span class='ocrx_word' id='word_1_90' title='bbox 425 2445 635 2511; x_wconf 83' lang='lat' dir='ltr'><em>globosa</em></span> <span class='ocrx_word' id='word_1_91' title='bbox 648 2447 919 2495; x_wconf 83' lang='lat' dir='ltr'><em>innumeris</em></span> <span class='ocrx_word' id='word_1_92' title='bbox 939 2447 1150 2511; x_wconf 79' lang='lat' dir='ltr'><em>cellulis,</em></span> <span class='ocrx_word' id='word_1_93' title='bbox 1169 2448 1381 2516; x_wconf 83' lang='lat' dir='ltr'><em>apertis,</em></span> <span class='ocrx_word' id='word_1_94' title='bbox 1400 2446 1687 2497; x_wconf 74' lang='lat' dir='ltr'><em>rotundatis</em></span> <span class='ocrx_word' id='word_1_95' title='bbox 1697 2449 1934 2516; x_wconf 75' lang='lat' dir='ltr'><em>proedila.</em></span> 
     </span>
    </p>
   </div>
   <div class='ocr_carea' id='block_1_13' title="bbox 232 2566 1936 2954">
    <p class='ocr_par' dir='ltr' id='par_1_13' title="bbox 232 2566 1936 2954">
     <span class='ocr_line' id='line_1_21' title="bbox 316 2566 1935 2652; baseline 0.004 -27"><span class='ocrx_word' id='word_1_96' title='bbox 316 2566 594 2626; x_wconf 79' lang='lat' dir='ltr'><em>Dubitavi</em></span> <span class='ocrx_word' id='word_1_97' title='bbox 637 2590 709 2627; x_wconf 82' lang='lat' dir='ltr'><em>an</em></span> <span class='ocrx_word' id='word_1_98' title='bbox 738 2568 868 2628; x_wconf 87' lang='lat' dir='ltr'><em>haec</em></span> <span class='ocrx_word' id='word_1_99' title='bbox 907 2571 1161 2652; x_wconf 80' lang='lat' dir='ltr'><em>species,</em></span> <span class='ocrx_word' id='word_1_100' title='bbox 1191 2569 1338 2651; x_wconf 86' lang='lat' dir='ltr'><em>quid</em></span> <span class='ocrx_word' id='word_1_101' title='bbox 1366 2592 1679 2630; x_wconf 85' lang='lat' dir='ltr'><em>commune</em></span> <span class='ocrx_word' id='word_1_102' title='bbox 1718 2570 1935 2632; x_wconf 79' lang='lat' dir='ltr'><em>habeat</em></span> 
     </span>
     <span class='ocr_line' id='line_1_22' title="bbox 236 2668 1936 2753; baseline 0.002 -25"><span class='ocrx_word' id='word_1_103' title='bbox 236 2692 371 2728; x_wconf 89' lang='lat' dir='ltr'><em>cum</em></span> <span class='ocrx_word' id='word_1_104' title='bbox 417 2668 611 2750; x_wconf 78' lang='lat' dir='ltr'><em>aliqua</em></span> <span class='ocrx_word' id='word_1_105' title='bbox 644 2671 842 2751; x_wconf 86' lang='lat' dir='ltr'><em>specie</em></span> <span class='ocrx_word' id='word_1_106' title='bbox 873 2669 987 2752; x_wconf 80' lang='lat' dir='ltr'><em>jam</em></span> <span class='ocrx_word' id='word_1_107' title='bbox 1035 2672 1305 2753; x_wconf 81' lang='lat' dir='ltr'><em>cognita;</em></span> <span class='ocrx_word' id='word_1_108' title='bbox 1354 2685 1412 2730; x_wconf 85' lang='lat' dir='ltr'><em>et</em></span> <span class='ocrx_word' id='word_1_109' title='bbox 1440 2671 1627 2730; x_wconf 80' lang='lat' dir='ltr'><em>tetlzia</em></span> <span class='ocrx_word' id='word_1_110' title='bbox 1661 2678 1936 2731; x_wconf 66' lang='lat' dir='ltr'><em>oranaim</em></span> 
     </span>
     <span class='ocr_line' id='line_1_23' title="bbox 232 2769 1933 2855; baseline 0.003 -27"><span class='ocrx_word' id='word_1_111' title='bbox 232 2769 377 2828; x_wconf 84' lang='lat' dir='ltr'><em>nihil</em></span> <span class='ocrx_word' id='word_1_112' title='bbox 423 2770 826 2831; x_wconf 82' lang='lat' dir='ltr'><em>similitudinis</em></span> <span class='ocrx_word' id='word_1_113' title='bbox 873 2795 1006 2830; x_wconf 87' lang='lat' dir='ltr'><em>cum</em></span> <span class='ocrx_word' id='word_1_114' title='bbox 1031 2794 1163 2831; x_wconf 86' lang='lat' dir='ltr'><em>mea</em></span> <span class='ocrx_word' id='word_1_115' title='bbox 1196 2774 1396 2855; x_wconf 82' lang='lat' dir='ltr'><em>specie</em></span> <span class='ocrx_word' id='word_1_116' title='bbox 1423 2771 1679 2833; x_wconf 81' lang='lat' dir='ltr'><em>exhibet:</em></span> <span class='ocrx_word' id='word_1_117' title='bbox 1704 2796 1839 2832; x_wconf 82' lang='lat' dir='ltr'><em>nam</em></span> <span class='ocrx_word' id='word_1_118' title='bbox 1862 2797 1933 2833; x_wconf 82' lang='lat' dir='ltr'><em>ea</em></span> 
     </span>
     <span class='ocr_line' id='line_1_24' title="bbox 234 2870 1933 2954; baseline 0.002 -25"><span class='ocrx_word' id='word_1_119' title='bbox 234 2870 639 2931; x_wconf 80' lang='lat' dir='ltr'><em>tuberisormis</em></span> <span class='ocrx_word' id='word_1_120' title='bbox 673 2886 784 2949; x_wconf 77' lang='lat' dir='ltr'><em>est,</em></span> <span class='ocrx_word' id='word_1_121' title='bbox 831 2887 1007 2954; x_wconf 82' lang='lat' dir='ltr'><em>atque</em></span> <span class='ocrx_word' id='word_1_122' title='bbox 1039 2886 1252 2932; x_wconf 82' lang='lat' dir='ltr'><em>setosa.</em></span> <span class='ocrx_word' id='word_1_123' title='bbox 1283 2873 1562 2932; x_wconf 74' lang='lat' dir='ltr'><em>Tethiam</em></span> <span class='ocrx_word' id='word_1_124' title='bbox 1583 2880 1933 2954; x_wconf 63' lang='lat' dir='ltr'><em>{yma-uriam</em></span> 
     </span>
    </p>
   </div>
   <div class='ocr_carea' id='block_1_14' title="bbox 233 2972 1929 3135">
    <p class='ocr_par' dir='ltr' id='par_1_14' title="bbox 233 2972 1929 3135">
     <span class='ocr_line' id='line_1_25' title="bbox 233 2972 1929 3056; baseline 0.005 -26"><span class='ocrx_word' id='word_1_125' title='bbox 233 2994 354 3031; x_wconf 89' lang='lat' dir='ltr'><em>non</em></span> <span class='ocrx_word' id='word_1_126' title='bbox 398 2974 647 3054; x_wconf 81' lang='lat' dir='ltr'><em>cognovi</em></span> <span class='ocrx_word' id='word_1_127' title='bbox 704 2975 764 3031; x_wconf 88' lang='lat' dir='ltr'><em>in</em></span> <span class='ocrx_word' id='word_1_128' title='bbox 825 2972 936 3033; x_wconf 86' lang='lat' dir='ltr'><em>hac</em></span> <span class='ocrx_word' id='word_1_129' title='bbox 982 2976 1186 3056; x_wconf 84' lang='lat' dir='ltr'><em>specie</em></span> <span class='ocrx_word' id='word_1_130' title='bbox 1214 3023 1233 3052; x_wconf 80' lang='lat'><em>,</em></span> <span class='ocrx_word' id='word_1_131' title='bbox 1280 2989 1503 3034; x_wconf 80' lang='lat' dir='ltr'><em>attenta</em></span> <span class='ocrx_word' id='word_1_132' title='bbox 1548 2974 1929 3053; x_wconf 79' lang='lat' dir='ltr'><em>osculorum,</em></span> 
     </span>
     <span class='ocr_line' id='line_1_26' title="bbox 240 3071 894 3135; baseline 0.002 -3"><span class='ocrx_word' id='word_1_133' title='bbox 240 3087 300 3132; x_wconf 83' lang='lat' dir='ltr'><em>et</em></span> <span class='ocrx_word' id='word_1_134' title='bbox 342 3071 630 3133; x_wconf 82' lang='lat' dir='ltr'><em>fibrarum</em></span> <span class='ocrx_word' id='word_1_135' title='bbox 669 3073 894 3135; x_wconf 86' lang='lat' dir='ltr'><em>indole.</em></span> 
     </span>
    </p>
   </div>
   <div class='ocr_carea' id='block_1_15' title="bbox 325 3238 1853 3324">
    <p class='ocr_par' dir='ltr' id='par_1_15' title="bbox 325 3238 1853 3324">
     <span class='ocr_line' id='line_1_27' title="bbox 325 3238 1853 3324; baseline 0.005 -27"><span class='ocrx_word' id='word_1_136' title='bbox 325 3238 570 3300; x_wconf 81' lang='lat' dir='ltr'><em>Habitat</em></span> <span class='ocrx_word' id='word_1_137' title='bbox 615 3286 628 3300; x_wconf 90' lang='lat'>.</span> <span class='ocrx_word' id='word_1_138' title='bbox 676 3286 689 3300; x_wconf 87' lang='lat'><strong>.</strong></span> <span class='ocrx_word' id='word_1_139' title='bbox 738 3288 750 3300; x_wconf 94' lang='lat'><strong>.</strong></span> <span class='ocrx_word' id='word_1_140' title='bbox 797 3243 1122 3324; x_wconf 77' lang='lat' dir='ltr'><em>Reperitur</em></span> <span class='ocrx_word' id='word_1_141' title='bbox 1167 3244 1225 3303; x_wconf 88' lang='lat' dir='ltr'><em>in</em></span> <span class='ocrx_word' id='word_1_142' title='bbox 1282 3242 1434 3303; x_wconf 84' lang='lat' dir='ltr'><em>colle</em></span> <span class='ocrx_word' id='word_1_143' title='bbox 1481 3243 1853 3304; x_wconf 66' lang='lat' dir='ltr'><em>Taurinensi,</em></span> 
     </span>
    </p>
   </div>
  </div>
 </body>
</html>
