<?xml version="1.0" encoding="UTF-8"?>
<!DOCTYPE html PUBLIC "-//W3C//DTD XHTML 1.0 Transitional//EN"
    "http://www.w3.org/TR/xhtml1/DTD/xhtml1-transitional.dtd">
<html xmlns="http://www.w3.org/1999/xhtml" xml:lang="en" lang="en">
 <head>
  <title>
</title>
<meta http-equiv="Content-Type" content="text/html;charset=utf-8" />
  <meta name='ocr-system' content='tesseract 3.04.00' />
  <meta name='ocr-capabilities' content='ocr_page ocr_carea ocr_par ocr_line ocrx_word'/>
</head>
<body>
  <div class='ocr_page' id='page_1' title='image "./specimenzoophyto00mich_0044.png"; bbox 0 0 2324 3631; ppageno 0'>
   <div class='ocr_carea' id='block_1_1' title="bbox 356 203 2108 3353">
    <p class='ocr_par' dir='ltr' id='par_1_1' title="bbox 358 203 2076 469">
     <span class='ocr_line' id='line_1_1' title="bbox 360 203 439 263; baseline -0.013 0"><span class='ocrx_word' id='word_1_1' title='bbox 360 203 439 263; x_wconf 75' lang='lat'>36</span> 
     </span>
     <span class='ocr_line' id='line_1_2' title="bbox 358 295 2076 383; baseline -0.002 -17"><span class='ocrx_word' id='word_1_2' title='bbox 358 312 515 378; x_wconf 67' lang='lat' dir='ltr'>mei,</span> <span class='ocrx_word' id='word_1_3' title='bbox 563 326 633 363; x_wconf 87' lang='lat' dir='ltr'>an</span> <span class='ocrx_word' id='word_1_4' title='bbox 680 308 963 361; x_wconf 67' lang='lat' dir='ltr'>(aculeata</span> <span class='ocrx_word' id='word_1_5' title='bbox 1013 297 1279 383; x_wconf 80' lang='lat' dir='ltr'>ejusdem</span> <span class='ocrx_word' id='word_1_6' title='bbox 1325 322 1533 381; x_wconf 82' lang='lat' dir='ltr'>parem</span> <span class='ocrx_word' id='word_1_7' title='bbox 1582 321 1702 360; x_wconf 89' lang='lat' dir='ltr'>non</span> <span class='ocrx_word' id='word_1_8' title='bbox 1747 295 2076 362; x_wconf 82' lang='lat' dir='ltr'>meruerint</span> 
     </span>
     <span class='ocr_line' id='line_1_3' title="bbox 361 409 743 469; baseline -0.01 -2"><span class='ocrx_word' id='word_1_9' title='bbox 361 409 743 469; x_wconf 86' lang='lat' dir='ltr'>divisionem.</span> 
     </span>
    </p>

    <p class='ocr_par' dir='ltr' id='par_1_2' title="bbox 356 505 2097 2511">
     <span class='ocr_line' id='line_1_4' title="bbox 442 505 2076 589; baseline -0.002 -21"><span class='ocrx_word' id='word_1_10' title='bbox 442 511 658 589; x_wconf 82' lang='lat' dir='ltr'><strong>Neque</strong></span> <span class='ocrx_word' id='word_1_11' title='bbox 699 529 838 566; x_wconf 89' lang='lat' dir='ltr'>vero</span> <span class='ocrx_word' id='word_1_12' title='bbox 873 505 1109 586; x_wconf 77' lang='lat' dir='ltr'>cujusve</span> <span class='ocrx_word' id='word_1_13' title='bbox 1138 505 1275 563; x_wconf 87' lang='lat' dir='ltr'>novi</span> <span class='ocrx_word' id='word_1_14' title='bbox 1314 507 1554 587; x_wconf 77' lang='lat' dir='ltr'>generis</span> <span class='ocrx_word' id='word_1_15' title='bbox 1594 523 1661 564; x_wconf 82' lang='lat' dir='ltr'>ex</span> <span class='ocrx_word' id='word_1_16' title='bbox 1698 505 1771 563; x_wconf 91' lang='lat' dir='ltr'>iis</span> <span class='ocrx_word' id='word_1_17' title='bbox 1810 507 2076 589; x_wconf 78' lang='lat' dir='ltr'>receptis</span> 
     </span>
     <span class='ocr_line' id='line_1_5' title="bbox 359 604 2077 690; baseline -0.003 -19"><span class='ocrx_word' id='word_1_18' title='bbox 359 612 757 671; x_wconf 85' lang='lat' dir='ltr'>insufficentia</span> <span class='ocrx_word' id='word_1_19' title='bbox 792 608 1039 689; x_wconf 81' lang='lat' dir='ltr'>intelligi</span> <span class='ocrx_word' id='word_1_20' title='bbox 1081 621 1309 689; x_wconf 80' lang='lat' dir='ltr'>potest,</span> <span class='ocrx_word' id='word_1_21' title='bbox 1341 608 1451 666; x_wconf 89' lang='lat' dir='ltr'>nisi</span> <span class='ocrx_word' id='word_1_22' title='bbox 1483 607 1714 690; x_wconf 79' lang='lat' dir='ltr'>singula</span> <span class='ocrx_word' id='word_1_23' title='bbox 1754 604 2077 666; x_wconf 86' lang='lat' dir='ltr'>videamus.</span> 
     </span>
     <span class='ocr_line' id='line_1_6' title="bbox 362 706 2079 793; baseline -0.003 -20"><span class='ocrx_word' id='word_1_24' title='bbox 362 713 538 789; x_wconf 83' lang='lat' dir='ltr'>Quod</span> <span class='ocrx_word' id='word_1_25' title='bbox 595 714 808 772; x_wconf 77' lang='lat' dir='ltr'>attinet</span> <span class='ocrx_word' id='word_1_26' title='bbox 886 709 959 769; x_wconf 87' lang='lat' dir='ltr'>ad</span> <span class='ocrx_word' id='word_1_27' title='bbox 1008 715 1427 793; x_wconf 71' lang='lat' dir='ltr'>plexazcram,</span> <span class='ocrx_word' id='word_1_28' title='bbox 1490 710 1853 768; x_wconf 71' lang='lat' dir='ltr'>Lamoroux</span> <span class='ocrx_word' id='word_1_29' title='bbox 1911 706 2079 790; x_wconf 81' lang='lat' dir='ltr'>hujus</span> 
     </span>
     <span class='ocr_line' id='line_1_7' title="bbox 362 809 2084 894; baseline -0.003 -20"><span class='ocrx_word' id='word_1_30' title='bbox 362 830 423 874; x_wconf 85' lang='lat' dir='ltr'>et</span> <span class='ocrx_word' id='word_1_31' title='bbox 468 815 715 872; x_wconf 86' lang='lat' dir='ltr'>aliorum</span> <span class='ocrx_word' id='word_1_32' title='bbox 762 833 1053 894; x_wconf 78' lang='lat' dir='ltr'>generum</span> <span class='ocrx_word' id='word_1_33' title='bbox 1099 824 1307 870; x_wconf 81' lang='lat' dir='ltr'>auctor</span> <span class='ocrx_word' id='word_1_34' title='bbox 1350 812 1431 869; x_wconf 85' lang='lat' dir='ltr'>ita</span> <span class='ocrx_word' id='word_1_35' title='bbox 1477 809 1720 888; x_wconf 81' lang='lat' dir='ltr'>definit,</span> <span class='ocrx_word' id='word_1_36' title='bbox 1763 824 1830 869; x_wconf 81' lang='lat' dir='ltr'>ut</span> <span class='ocrx_word' id='word_1_37' title='bbox 1866 812 1945 870; x_wconf 86' lang='lat' dir='ltr'>sit</span> <span class='ocrx_word' id='word_1_38' title='bbox 1981 833 2084 892; x_wconf 83' lang='lat' dir='ltr'>po-</span> 
     </span>
     <span class='ocr_line' id='line_1_8' title="bbox 356 913 2085 998; baseline -0.002 -24"><span class='ocrx_word' id='word_1_39' title='bbox 356 917 652 998; x_wconf 79' lang='lat' dir='ltr'>lypalium</span> <span class='ocrx_word' id='word_1_40' title='bbox 674 913 1133 989; x_wconf 76' lang='lat' dir='ltr'>dendroideum,</span> <span class='ocrx_word' id='word_1_41' title='bbox 1158 934 1456 971; x_wconf 87' lang='lat' dir='ltr'>ramosum</span> <span class='ocrx_word' id='word_1_42' title='bbox 1463 934 1804 994; x_wconf 78' lang='lat' dir='ltr'>,as·pe1um</span> <span class='ocrx_word' id='word_1_43' title='bbox 1821 925 2085 971; x_wconf 80' lang='lat' dir='ltr'>elustam</span> 
     </span>
     <span class='ocr_line' id='line_1_9' title="bbox 359 1014 2084 1097; baseline -0.003 -19"><span class='ocrx_word' id='word_1_44' title='bbox 359 1018 630 1092; x_wconf 83' lang='lat' dir='ltr'>solidam,</span> <span class='ocrx_word' id='word_1_45' title='bbox 639 1020 729 1079; x_wconf 84' lang='lat' dir='ltr'>vix</span> <span class='ocrx_word' id='word_1_46' title='bbox 754 1016 940 1075; x_wconf 86' lang='lat' dir='ltr'>acidis</span> <span class='ocrx_word' id='word_1_47' title='bbox 968 1014 1113 1074; x_wconf 64' lang='lat' dir='ltr'>effer</span> <span class='ocrx_word' id='word_1_48' title='bbox 1118 1029 1459 1074; x_wconf 86' lang='lat' dir='ltr'>vescentem</span> <span class='ocrx_word' id='word_1_49' title='bbox 1483 1014 1890 1097; x_wconf 59' lang='lat' dir='ltr'>gestans7plu1</span> <span class='ocrx_word' id='word_1_50' title='bbox 1895 1035 2084 1097; x_wconf 86' lang='lat' dir='ltr'>esque</span> 
     </span>
     <span class='ocr_line' id='line_1_10' title="bbox 362 1097 2083 1201; baseline -0.002 -22"><span class='ocrx_word' id='word_1_51' title='bbox 362 1119 600 1179; x_wconf 77' lang='lat' dir='ltr'>cellulas</span> <span class='ocrx_word' id='word_1_52' title='bbox 641 1119 846 1201; x_wconf 84' lang='lat' dir='ltr'>planas</span> <span class='ocrx_word' id='word_1_53' title='bbox 888 1117 1140 1191; x_wconf 80' lang='lat' dir='ltr'>effusas,</span> <span class='ocrx_word' id='word_1_54' title='bbox 1181 1137 1463 1199; x_wconf 80' lang='lat' dir='ltr'>magnas:</span> <span class='ocrx_word' id='word_1_55' title='bbox 1501 1130 1558 1174; x_wconf 87' lang='lat' dir='ltr'>at</span> <span class='ocrx_word' id='word_1_56' title='bbox 1595 1114 1658 1173; x_wconf 91' lang='lat' dir='ltr'>id</span> <span class='ocrx_word' id='word_1_57' title='bbox 1697 1097 2021 1197; x_wconf 56' lang='lat' dir='ltr'>quidems</span> <span class='ocrx_word' id='word_1_58' title='bbox 1981 1138 2083 1175; x_wconf 86' lang='lat' dir='ltr'>au-</span> 
     </span>
     <span class='ocr_line' id='line_1_11' title="bbox 362 1217 2088 1301; baseline -0.003 -20"><span class='ocrx_word' id='word_1_59' title='bbox 362 1221 700 1281; x_wconf 86' lang='lat' dir='ltr'>ctorifacile</span> <span class='ocrx_word' id='word_1_60' title='bbox 726 1220 835 1279; x_wconf 84' lang='lat' dir='ltr'>fuit</span> <span class='ocrx_word' id='word_1_61' title='bbox 865 1219 1170 1301; x_wconf 85' lang='lat' dir='ltr'>probare</span> <span class='ocrx_word' id='word_1_62' title='bbox 1158 1241 1217 1276; x_wconf 77' lang='lat' dir='ltr'>in</span> <span class='ocrx_word' id='word_1_63' title='bbox 1249 1240 1369 1298; x_wconf 72' lang='lat' dir='ltr'>gor·</span> <span class='ocrx_word' id='word_1_64' title='bbox 1366 1217 1838 1299; x_wconf 57' lang='lat' dir='ltr'>gonc&#39;ccfziabilz&#39;)</span> <span class='ocrx_word' id='word_1_65' title='bbox 1859 1219 1914 1275; x_wconf 89' lang='lat' dir='ltr'>in</span> <span class='ocrx_word' id='word_1_66' title='bbox 1940 1239 2088 1297; x_wconf 76' lang='lat' dir='ltr'>gor-</span> 
     </span>
     <span class='ocr_line' id='line_1_12' title="bbox 357 1319 2088 1405; baseline -0.003 -21"><span class='ocrx_word' id='word_1_67' title='bbox 357 1329 542 1405; x_wconf 74' lang='lat' dir='ltr'>gorzia</span> <span class='ocrx_word' id='word_1_68' title='bbox 542 1320 1249 1404; x_wconf 63' lang='lat' dir='ltr'>sseoezcosajmpossibile</span> <span class='ocrx_word' id='word_1_69' title='bbox 1272 1336 1472 1381; x_wconf 88' lang='lat' dir='ltr'>tamen</span> <span class='ocrx_word' id='word_1_70' title='bbox 1496 1320 1704 1379; x_wconf 88' lang='lat' dir='ltr'>fuisset</span> <span class='ocrx_word' id='word_1_71' title='bbox 1727 1319 2088 1402; x_wconf 82' lang='lat' dir='ltr'>plerumque</span> 
     </span>
     <span class='ocr_line' id='line_1_13' title="bbox 362 1424 2086 1508; baseline -0.003 -21.988"><span class='ocrx_word' id='word_1_72' title='bbox 362 1430 421 1486; x_wconf 89' lang='lat' dir='ltr'>in</span> <span class='ocrx_word' id='word_1_73' title='bbox 447 1432 761 1507; x_wconf 68' lang='lat' dir='ltr'>gorgoniis</span> <span class='ocrx_word' id='word_1_74' title='bbox 790 1427 1039 1508; x_wconf 75' lang='lat' dir='ltr'>proprie</span> <span class='ocrx_word' id='word_1_75' title='bbox 1071 1424 1275 1499; x_wconf 78' lang='lat' dir='ltr'>dictis,</span> <span class='ocrx_word' id='word_1_76' title='bbox 1311 1426 1490 1482; x_wconf 83' lang='lat' dir='ltr'>etiam</span> <span class='ocrx_word' id='word_1_77' title='bbox 1513 1428 1816 1503; x_wconf 71' lang='lat' dir='ltr'>gorgonia</span> <span class='ocrx_word' id='word_1_78' title='bbox 1844 1446 1913 1502; x_wconf 73' lang='lat' dir='ltr'>gr</span> <span class='ocrx_word' id='word_1_79' title='bbox 1914 1445 2086 1481; x_wconf 73' lang='lat' dir='ltr'>atm-</span> 
     </span>
     <span class='ocr_line' id='line_1_14' title="bbox 366 1525 2093 1610; baseline -0.004 -21"><span class='ocrx_word' id='word_1_80' title='bbox 366 1538 676 1610; x_wconf 57' lang='lat' dir='ltr'>lata2g0r0</span> <span class='ocrx_word' id='word_1_81' title='bbox 654 1528 1177 1607; x_wconf 52' lang='lat' dir='ltr'>voniaflccbellum,</span> <span class='ocrx_word' id='word_1_82' title='bbox 1186 1549 1320 1608; x_wconf 84' lang='lat' dir='ltr'>quae</span> <span class='ocrx_word' id='word_1_83' title='bbox 1347 1525 1585 1584; x_wconf 78' lang='lat' dir='ltr'>cellulas</span> <span class='ocrx_word' id='word_1_84' title='bbox 1604 1526 1844 1607; x_wconf 82' lang='lat' dir='ltr'>planas</span> <span class='ocrx_word' id='word_1_85' title='bbox 1835 1547 2093 1606; x_wconf 62' lang='lat' dir='ltr'>inaequa-</span> 
     </span>
     <span class='ocr_line' id='line_1_15' title="bbox 370 1625 2093 1713; baseline -0.003 -22"><span class='ocrx_word' id='word_1_86' title='bbox 370 1633 453 1693; x_wconf 86' lang='lat' dir='ltr'>les</span> <span class='ocrx_word' id='word_1_87' title='bbox 495 1630 1037 1713; x_wconf 55' lang='grc' dir='ltr'>1]3ἒ)θι]ῐ·,’,)1)1ιιιθ5</span> <span class='ocrx_word' id='word_1_88' title='bbox 1013 1634 1319 1709; x_wconf 67' lang='lat' dir='ltr'>‹rorgonioe</span> <span class='ocrx_word' id='word_1_89' title='bbox 1348 1626 1561 1686; x_wconf 83' lang='lat' dir='ltr'>itidem</span> <span class='ocrx_word' id='word_1_90' title='bbox 1584 1640 1843 1685; x_wconf 82' lang='lat' dir='ltr'>crustam</span> <span class='ocrx_word' id='word_1_91' title='bbox 1868 1625 2093 1685; x_wconf 88' lang='lat' dir='ltr'>habent</span> 
     </span>
     <span class='ocr_line' id='line_1_16' title="bbox 371 1726 2094 1818; baseline -0.004 -26"><span class='ocrx_word' id='word_1_92' title='bbox 371 1735 505 1818; x_wconf 81' lang='lat' dir='ltr'>plus</span> <span class='ocrx_word' id='word_1_93' title='bbox 546 1735 815 1793; x_wconf 84' lang='lat' dir='ltr'>minusve</span> <span class='ocrx_word' id='word_1_94' title='bbox 855 1730 1143 1804; x_wconf 86' lang='lat' dir='ltr'>solidam,</span> <span class='ocrx_word' id='word_1_95' title='bbox 1170 1752 1305 1788; x_wconf 90' lang='lat' dir='ltr'>cum</span> <span class='ocrx_word' id='word_1_96' title='bbox 1335 1727 1450 1787; x_wconf 84' lang='lat' dir='ltr'>hoe</span> <span class='ocrx_word' id='word_1_97' title='bbox 1478 1750 1545 1786; x_wconf 87' lang='lat' dir='ltr'>ex</span> <span class='ocrx_word' id='word_1_98' title='bbox 1569 1726 1861 1809; x_wconf 82' lang='lat' dir='ltr'>adjunctis</span> <span class='ocrx_word' id='word_1_99' title='bbox 1892 1727 2094 1786; x_wconf 82' lang='lat' dir='ltr'>fortui-</span> 
     </span>
     <span class='ocr_line' id='line_1_17' title="bbox 371 1829 2095 1919; baseline -0.005 -23"><span class='ocrx_word' id='word_1_100' title='bbox 371 1840 444 1896; x_wconf 82' lang='lat' dir='ltr'>tis</span> <span class='ocrx_word' id='word_1_101' title='bbox 477 1837 680 1919; x_wconf 83' lang='lat' dir='ltr'>potius</span> <span class='ocrx_word' id='word_1_102' title='bbox 705 1857 883 1917; x_wconf 81' lang='lat' dir='ltr'>quam</span> <span class='ocrx_word' id='word_1_103' title='bbox 911 1855 978 1892; x_wconf 82' lang='lat' dir='ltr'>ex</span> <span class='ocrx_word' id='word_1_104' title='bbox 1006 1832 1116 1891; x_wconf 90' lang='lat' dir='ltr'>alio</span> <span class='ocrx_word' id='word_1_105' title='bbox 1149 1833 1344 1914; x_wconf 82' lang='lat' dir='ltr'>capite</span> <span class='ocrx_word' id='word_1_106' title='bbox 1373 1829 1649 1914; x_wconf 82' lang='lat' dir='ltr'>pendeat.</span> <span class='ocrx_word' id='word_1_107' title='bbox 1672 1831 1761 1888; x_wconf 91' lang='lat' dir='ltr'>De</span> <span class='ocrx_word' id='word_1_108' title='bbox 1787 1829 2095 1888; x_wconf 87' lang='lat' dir='ltr'>acidorum</span> 
     </span>
     <span class='ocr_line' id='line_1_18' title="bbox 377 1935 2096 2016; baseline -0.005 -18"><span class='ocrx_word' id='word_1_109' title='bbox 377 1938 690 1998; x_wconf 70' lang='lat' dir='ltr'>effectibus</span> <span class='ocrx_word' id='word_1_110' title='bbox 730 1939 790 1995; x_wconf 91' lang='lat' dir='ltr'>in</span> <span class='ocrx_word' id='word_1_111' title='bbox 830 1950 1054 2009; x_wconf 75' lang='lat' dir='ltr'>crusta,</span> <span class='ocrx_word' id='word_1_112' title='bbox 1093 1955 1292 2016; x_wconf 83' lang='lat' dir='ltr'>neque</span> <span class='ocrx_word' id='word_1_113' title='bbox 1323 1935 1539 1991; x_wconf 87' lang='lat' dir='ltr'>mirum</span> <span class='ocrx_word' id='word_1_114' title='bbox 1560 1982 1577 2009; x_wconf 91' lang='grc'>,</span> <span class='ocrx_word' id='word_1_115' title='bbox 1607 1953 1807 2014; x_wconf 84' lang='lat' dir='ltr'>neque</span> <span class='ocrx_word' id='word_1_116' title='bbox 1837 1954 2051 1990; x_wconf 84' lang='lat' dir='ltr'>novum</span> <span class='ocrx_word' id='word_1_117' title='bbox 2080 1981 2096 2009; x_wconf 81' lang='grc'>,</span> 
     </span>
     <span class='ocr_line' id='line_1_19' title="bbox 379 2033 2096 2124; baseline -0.006 -23"><span class='ocrx_word' id='word_1_118' title='bbox 379 2041 485 2101; x_wconf 90' lang='lat' dir='ltr'>sed</span> <span class='ocrx_word' id='word_1_119' title='bbox 527 2042 830 2124; x_wconf 80' lang='lat' dir='ltr'>plerisque</span> <span class='ocrx_word' id='word_1_120' title='bbox 870 2039 1082 2096; x_wconf 85' lang='lat' dir='ltr'>crustis</span> <span class='ocrx_word' id='word_1_121' title='bbox 1116 2058 1235 2094; x_wconf 90' lang='lat' dir='ltr'>non</span> <span class='ocrx_word' id='word_1_122' title='bbox 1264 2035 1448 2094; x_wconf 89' lang='lat' dir='ltr'>modo</span> <span class='ocrx_word' id='word_1_123' title='bbox 1477 2038 1799 2116; x_wconf 55' lang='lat' dir='ltr'>plexccccri)</span> <span class='ocrx_word' id='word_1_124' title='bbox 1824 2033 1927 2092; x_wconf 90' lang='lat' dir='ltr'>sed</span> <span class='ocrx_word' id='word_1_125' title='bbox 1953 2056 2096 2113; x_wconf 76' lang='lat' dir='ltr'>got·-</span> 
     </span>
     <span class='ocr_line' id='line_1_20' title="bbox 372 2139 2097 2224; baseline -0.005 -20"><span class='ocrx_word' id='word_1_126' title='bbox 372 2150 599 2224; x_wconf 65' lang='lat' dir='ltr'>gom&#39;oe,</span> <span class='ocrx_word' id='word_1_127' title='bbox 639 2143 747 2202; x_wconf 88' lang='lat' dir='ltr'>sed</span> <span class='ocrx_word' id='word_1_128' title='bbox 789 2145 1050 2211; x_wconf 73' lang='grc' dir='ltr'>εοναῖῖἰί,</span> <span class='ocrx_word' id='word_1_129' title='bbox 1091 2139 1197 2197; x_wconf 89' lang='lat' dir='ltr'>sed</span> <span class='ocrx_word' id='word_1_130' title='bbox 1235 2142 1479 2196; x_wconf 63' lang='lat' dir='ltr'>meliten?</span> <span class='ocrx_word' id='word_1_131' title='bbox 1517 2139 1835 2220; x_wconf 84' lang='lat' dir='ltr'>proprium</span> <span class='ocrx_word' id='word_1_132' title='bbox 1878 2151 1993 2209; x_wconf 75' lang='lat' dir='ltr'>est,</span> <span class='ocrx_word' id='word_1_133' title='bbox 2034 2149 2097 2195; x_wconf 85' lang='lat' dir='ltr'>ut</span> 
     </span>
     <span class='ocr_line' id='line_1_21' title="bbox 380 2239 2097 2325; baseline -0.005 -20"><span class='ocrx_word' id='word_1_134' title='bbox 380 2246 694 2305; x_wconf 86' lang='lat' dir='ltr'>animantis</span> <span class='ocrx_word' id='word_1_135' title='bbox 751 2243 1065 2325; x_wconf 78' lang='lat' dir='ltr'>quidpiam</span> <span class='ocrx_word' id='word_1_136' title='bbox 1110 2243 1169 2297; x_wconf 88' lang='lat' dir='ltr'>in</span> <span class='ocrx_word' id='word_1_137' title='bbox 1217 2262 1279 2299; x_wconf 88' lang='lat' dir='ltr'>se</span> <span class='ocrx_word' id='word_1_138' title='bbox 1336 2254 1535 2298; x_wconf 81' lang='lat' dir='ltr'>crusta</span> <span class='ocrx_word' id='word_1_139' title='bbox 1599 2239 1852 2320; x_wconf 84' lang='lat' dir='ltr'>recipiat</span> <span class='ocrx_word' id='word_1_140' title='bbox 1921 2239 2097 2296; x_wconf 84' lang='lat' dir='ltr'>etiam</span> 
     </span>
     <span class='ocr_line' id='line_1_22' title="bbox 378 2339 2097 2422; baseline -0.006 -14"><span class='ocrx_word' id='word_1_141' title='bbox 378 2352 439 2407; x_wconf 88' lang='lat' dir='ltr'>in</span> <span class='ocrx_word' id='word_1_142' title='bbox 489 2347 706 2408; x_wconf 87' lang='lat' dir='ltr'>eodem</span> <span class='ocrx_word' id='word_1_143' title='bbox 752 2368 892 2422; x_wconf 77' lang='lat' dir='ltr'>axe,</span> <span class='ocrx_word' id='word_1_144' title='bbox 937 2347 1022 2403; x_wconf 85' lang='lat' dir='ltr'>uti</span> <span class='ocrx_word' id='word_1_145' title='bbox 1090 2343 1627 2402; x_wconf 85' lang='lat' dir='ltr'>demonstravimus</span> <span class='ocrx_word' id='word_1_146' title='bbox 1694 2339 1769 2399; x_wconf 91' lang='lat' dir='ltr'>de</span> <span class='ocrx_word' id='word_1_147' title='bbox 1836 2343 2097 2398; x_wconf 73' lang='lat' dir='ltr'>corallio</span> 
     </span>
     <span class='ocr_line' id='line_1_23' title="bbox 385 2451 774 2511; baseline 0 -3"><span class='ocrx_word' id='word_1_148' title='bbox 385 2451 774 2511; x_wconf 74' lang='lat' dir='ltr'>disserentes.</span> 
     </span>
    </p>

    <p class='ocr_par' dir='ltr' id='par_1_3' title="bbox 386 2547 2106 3122">
     <span class='ocr_line' id='line_1_24' title="bbox 468 2547 2100 2628; baseline -0.007 -14"><span class='ocrx_word' id='word_1_149' title='bbox 468 2555 606 2614; x_wconf 88' lang='lat' dir='ltr'>Non</span> <span class='ocrx_word' id='word_1_150' title='bbox 654 2568 745 2612; x_wconf 87' lang='lat' dir='ltr'>est</span> <span class='ocrx_word' id='word_1_151' title='bbox 790 2573 893 2611; x_wconf 82' lang='lat' dir='ltr'>cur</span> <span class='ocrx_word' id='word_1_152' title='bbox 939 2555 1255 2624; x_wconf 63' lang='lat' dir='ltr'>muricem,</span> <span class='ocrx_word' id='word_1_153' title='bbox 1297 2547 1387 2606; x_wconf 88' lang='lat' dir='ltr'>vel</span> <span class='ocrx_word' id='word_1_154' title='bbox 1431 2550 1695 2606; x_wconf 79' lang='lat' dir='ltr'>eunieeoe</span> <span class='ocrx_word' id='word_1_155' title='bbox 1743 2566 1929 2628; x_wconf 77' lang='lat' dir='ltr'>genus</span> <span class='ocrx_word' id='word_1_156' title='bbox 1974 2565 2100 2603; x_wconf 89' lang='lat' dir='ltr'>ser-</span> 
     </span>
     <span class='ocr_line' id='line_1_25' title="bbox 386 2646 2100 2732; baseline -0.005 -20"><span class='ocrx_word' id='word_1_157' title='bbox 386 2679 525 2714; x_wconf 80' lang='lat' dir='ltr'>vare</span> <span class='ocrx_word' id='word_1_158' title='bbox 572 2654 963 2729; x_wconf 71' lang='lat' dir='ltr'>contendam,</span> <span class='ocrx_word' id='word_1_159' title='bbox 1025 2675 1163 2709; x_wconf 85' lang='lat' dir='ltr'>nam</span> <span class='ocrx_word' id='word_1_160' title='bbox 1220 2649 1418 2732; x_wconf 86' lang='lat' dir='ltr'>quoad</span> <span class='ocrx_word' id='word_1_161' title='bbox 1466 2647 1703 2708; x_wconf 85' lang='lat' dir='ltr'>cellulas</span> <span class='ocrx_word' id='word_1_162' title='bbox 1750 2646 2100 2722; x_wconf 81' lang='lat' dir='ltr'>corticaleS,</span> 
     </span>
     <span class='ocr_line' id='line_1_26' title="bbox 389 2749 2104 2841; baseline -0.009 -22"><span class='ocrx_word' id='word_1_163' title='bbox 389 2782 475 2819; x_wconf 83' lang='lat' dir='ltr'>eae</span> <span class='ocrx_word' id='word_1_164' title='bbox 517 2756 787 2841; x_wconf 73' lang='lat' dir='ltr'>praeditae</span> <span class='ocrx_word' id='word_1_165' title='bbox 835 2770 971 2815; x_wconf 82' lang='lat' dir='ltr'>sunt</span> <span class='ocrx_word' id='word_1_166' title='bbox 1022 2752 1222 2814; x_wconf 89' lang='lat' dir='ltr'>osculo</span> <span class='ocrx_word' id='word_1_167' title='bbox 1269 2773 1435 2833; x_wconf 81' lang='lat' dir='ltr'>aeque</span> <span class='ocrx_word' id='word_1_168' title='bbox 1484 2752 1542 2808; x_wconf 91' lang='lat' dir='ltr'>in</span> <span class='ocrx_word' id='word_1_169' title='bbox 1587 2754 1882 2819; x_wconf 72' lang='lat' dir='ltr'>muricea,</span> <span class='ocrx_word' id='word_1_170' title='bbox 1930 2772 1997 2806; x_wconf 88' lang='lat' dir='ltr'>ac</span> <span class='ocrx_word' id='word_1_171' title='bbox 2043 2749 2104 2805; x_wconf 86' lang='lat' dir='ltr'>in</span> 
     </span>
     <span class='ocr_line' id='line_1_27' title="bbox 388 2851 2103 2932; baseline -0.008 -11"><span class='ocrx_word' id='word_1_172' title='bbox 388 2865 661 2921; x_wconf 73' lang='lat' dir='ltr'>ezcnc&#39;cea.</span> <span class='ocrx_word' id='word_1_173' title='bbox 701 2861 1025 2919; x_wconf 72' lang='lat' dir='ltr'>Primnoas</span> <span class='ocrx_word' id='word_1_174' title='bbox 1071 2854 1279 2914; x_wconf 85' lang='lat' dir='ltr'>itidem</span> <span class='ocrx_word' id='word_1_175' title='bbox 1324 2851 1789 2932; x_wconf 80' lang='lat' dir='ltr'>haudquaquam</span> <span class='ocrx_word' id='word_1_176' title='bbox 1827 2851 2103 2932; x_wconf 81' lang='lat' dir='ltr'>recipere</span> 
     </span>
     <span class='ocr_line' id='line_1_28' title="bbox 391 2952 2106 3046; baseline -0.008 -24"><span class='ocrx_word' id='word_1_177' title='bbox 391 2982 708 3046; x_wconf 79' lang='lat' dir='ltr'>possumus</span> <span class='ocrx_word' id='word_1_178' title='bbox 758 2982 890 3019; x_wconf 88' lang='lat' dir='ltr'>cum</span> <span class='ocrx_word' id='word_1_179' title='bbox 941 2959 1138 3041; x_wconf 83' lang='lat' dir='ltr'>potior</span> <span class='ocrx_word' id='word_1_180' title='bbox 1182 2954 1448 3038; x_wconf 76' lang='lat' dir='ltr'>ejusdem</span> <span class='ocrx_word' id='word_1_181' title='bbox 1492 2952 1691 3012; x_wconf 87' lang='lat' dir='ltr'>favore</span> <span class='ocrx_word' id='word_1_182' title='bbox 1739 2973 1854 3009; x_wconf 90' lang='lat' dir='ltr'>non</span> <span class='ocrx_word' id='word_1_183' title='bbox 1911 2953 2106 3032; x_wconf 74' lang='lat' dir='ltr'>vigeat</span> 
     </span>
     <span class='ocr_line' id='line_1_29' title="bbox 393 3066 563 3122; baseline -0.006 0"><span class='ocrx_word' id='word_1_184' title='bbox 393 3066 563 3122; x_wconf 83' lang='lat' dir='ltr'>ratio.</span> 
     </span>
    </p>

    <p class='ocr_par' dir='ltr' id='par_1_4' title="bbox 399 3154 2108 3353">
     <span class='ocr_line' id='line_1_30' title="bbox 478 3154 2106 3245; baseline -0.009 -21"><span class='ocrx_word' id='word_1_185' title='bbox 478 3166 614 3225; x_wconf 89' lang='lat' dir='ltr'>Non</span> <span class='ocrx_word' id='word_1_186' title='bbox 661 3187 813 3245; x_wconf 74' lang='lat' dir='ltr'>nego</span> <span class='ocrx_word' id='word_1_187' title='bbox 861 3164 1160 3222; x_wconf 80' lang='lat' dir='ltr'>sectiones</span> <span class='ocrx_word' id='word_1_188' title='bbox 1208 3182 1273 3219; x_wconf 81' lang='lat' dir='ltr'>ex</span> <span class='ocrx_word' id='word_1_189' title='bbox 1318 3157 1658 3217; x_wconf 77' lang='lat' dir='ltr'>cellularum</span> <span class='ocrx_word' id='word_1_190' title='bbox 1721 3154 2106 3236; x_wconf 81' lang='lat' dir='ltr'>dispositione</span> 
     </span>
     <span class='ocr_line' id='line_1_31' title="bbox 399 3258 2108 3353; baseline -0.008 -25"><span class='ocrx_word' id='word_1_191' title='bbox 399 3267 601 3328; x_wconf 77' lang='lat' dir='ltr'>ductas</span> <span class='ocrx_word' id='word_1_192' title='bbox 631 3266 866 3353; x_wconf 78' lang='lat' dir='ltr'>plurimi</span> <span class='ocrx_word' id='word_1_193' title='bbox 900 3266 1172 3326; x_wconf 62' lang='lat' dir='ltr'>conferre</span> <span class='ocrx_word' id='word_1_194' title='bbox 1206 3263 1280 3324; x_wconf 79' lang='lat' dir='ltr'>ad</span> <span class='ocrx_word' id='word_1_195' title='bbox 1312 3263 1596 3346; x_wconf 79' lang='lat' dir='ltr'>optimam</span> <span class='ocrx_word' id='word_1_196' title='bbox 1638 3258 2108 3320; x_wconf 83' lang='lat' dir='ltr'>subdivisionem</span> 
     </span>
    </p>
   </div>
  </div>
 </body>
</html>
