2324 3631
1773 245 1875 281 101

185 318 442 377 serimen
470 364 487 393 ,
542 314 704 398 quod
768 316 830 373 in
874 314 1179 375 stellarum
1236 329 1448 376 natura
1493 336 1823 399 posuerunt
1866 346 1880 396 3

182 439 320 475 nam
365 416 552 477 stellae
581 437 756 497 aeque
803 417 862 474 in
890 421 1120 475 ascroeis
1160 440 1227 476 ac
1272 418 1331 475 in
1368 422 1692 477 sarcinulis
1729 419 1881 500 ejus-

183 516 321 577 dem
358 532 496 577 sunt
525 516 738 576 indolis
764 564 782 594 ,
815 515 1162 599 eisdemque
1190 518 1575 578 varietatibus
1608 518 1879 595 subsunt,

183 633 332 701 quot
365 618 554 678 ferme
590 619 907 699 excogitari
946 633 1232 701 possunt,
1273 632 1340 678 ut
1378 618 1880 695 demonstrarunt,

183 722 288 801 qui
331 733 688 778 astraearum
731 720 966 801 species
1013 740 1367 779 enumerare
1412 722 1681 803 aggressi
1723 736 1878 781 sunt.

264 822 484 878 Exacta
529 819 863 900 quaestione
930 818 1006 878 ad
1051 822 1288 902 species
1315 868 1333 896 ,
1398 842 1652 902 quarum
1697 821 1880 881 dubia

179 919 409 979 indoles
441 968 460 997 ,
503 941 680 978 nemo
727 940 847 977 non
890 917 1055 978 videt
1094 934 1375 979 asty-ceam
1418 941 1470 979 v.
1515 944 1571 1003 g.
1611 928 1879 1001 agarici-

176 1035 296 1080 tem
337 1042 458 1079 non
505 1041 638 1081 esse
683 1042 884 1079 veram
927 1035 1251 1080 astroeam:
1314 1043 1452 1080 nam
1514 1043 1583 1082 ex
1625 1024 1694 1083 iis
1742 1046 1877 1105 quae

177 1119 463 1181 habemus
509 1123 569 1180 in
615 1119 737 1203 ejus
784 1120 1134 1181 definitione
1185 1121 1332 1180 nihil
1375 1122 1574 1182 afferri
1637 1139 1876 1206 potest,

180 1245 290 1283 cur
332 1224 529 1304 potius
591 1224 653 1280 in
696 1227 922 1282 astroeis
952 1269 970 1299 ,
1030 1244 1214 1304 quam
1254 1225 1316 1281 in
1369 1229 1699 1283 sarcinulis
1746 1247 1880 1286 eam

174 1323 573 1404 recipiamus:
639 1321 793 1381 adde
838 1321 952 1382 hoc
997 1324 1304 1406 pertinere
1351 1322 1426 1382 ad
1468 1337 1719 1385 astroeas
1748 1374 1767 1403 ,
1811 1341 1878 1385 ut

174 1424 293 1484 sint
334 1424 731 1482 incrustantes
769 1469 787 1498 ,
856 1422 1363 1504 quemadmodum
1426 1424 1617 1507 major
1671 1448 1877 1486 earum

172 1546 314 1607 pars
363 1539 453 1584 est
489 1571 507 1599 ,
550 1523 704 1605 juxta
750 1523 1186 1607 descriptiones
1218 1572 1236 1601 ,
1296 1546 1442 1606 quas
1487 1527 1750 1587 tulerunt
1792 1530 1875 1605 ii,

176 1627 283 1707 qui
323 1639 572 1685 astroeas
610 1625 912 1685 tubulosas
944 1649 976 1684 a
1016 1629 1340 1685 sarcinulis
1379 1626 1692 1709 sejungere
1739 1652 1876 1689 con-

175 1726 534 1786 tenderunt:
601 1725 750 1785 adeo
805 1747 1012 1784 verum
1069 1741 1160 1786 est
1221 1726 1375 1786 hanc
1431 1727 1874 1791 distinctionem

172 1841 384 1886 natura
413 1848 704 1910 generum
747 1840 1105 1887 astroearum
1135 1841 1194 1887 et
1235 1835 1688 1889 sarcinularum
1728 1855 1869 1891 con-

172 1930 409 2007 venire,
452 1943 518 1988 ut
556 1944 616 1989 et
653 1944 889 1994 veteres
929 1944 989 1990 et
1023 1931 1391 1991 recentiores
1430 1934 1764 2014 scriptores
1810 1935 1872 1993 id

170 2030 574 2114 probaverint.

253 2134 334 2190 Et
360 2153 499 2191 sane
533 2133 731 2215 quoad
759 2147 1015 2210 veteres,
1062 2133 1349 2194 habemus
1390 2135 1547 2218 apud
1572 2138 1873 2217 Borguet,

171 2234 361 2292 Rider
407 2234 728 2294 tubulas-ise
810 2258 1029 2295 nomen
1088 2236 1420 2318 praebuisse
1493 2243 1813 2297 sarcinulis
1850 2287 1872 2310 ,

174 2339 479 2395 astroz'tem
540 2351 739 2396 autem
785 2338 1024 2397 Cartier·
1067 2358 1266 2396 veram
1310 2343 1687 2398 sarcinulam
1730 2362 1876 2397 nun-

177 2458 429 2519 cupasse
456 2462 475 2497 .·
505 2437 900 2520 eamdemque
927 2438 1262 2498 tubulosam
1292 2461 1424 2500 esse
1466 2441 1875 2516 affirmaverit3

177 2560 254 2597 ne
292 2539 517 2598 scilicet
554 2561 689 2600 cum
732 2540 833 2615 iis,
881 2562 1015 2622 quae
1052 2543 1428 2623 madreporoe
1458 2541 1821 2601 vocabantur
1859 2590 1876 2617 ,

179 2639 687 2716 confunderetur3
752 2641 813 2701 id
877 2642 1095 2725 probat
1161 2643 1347 2703 semel
1410 2658 1592 2726 atque
1658 2647 1877 2703 iterum

169 2742 409 2819 Pallas,
448 2744 549 2823 qui
584 2763 797 2824 reapse
829 2743 1066 2826 plurimi
1098 2746 1393 2805 interesse
1423 2759 1624 2820 notat,
1672 2760 1878 2826 agatur

175 2864 254 2901 ne
301 2841 374 2901 de
419 2845 782 2925 madrepora
839 2844 1052 2905 tabulis
1102 2848 1472 2928 composita,
1520 2869 1592 2905 an
1639 2846 1711 2905 de
1761 2848 1875 2921 iis,

180 2966 314 3025 quae
353 2944 466 3004 hoc
490 2944 832 3005 tubulorum
862 2945 1069 3006 ordine
1095 2948 1343 3007 carent?
1385 2948 1624 3030 quando
1665 2968 1695 3005 e
1735 2969 1878 3005 con-

178 3066 351 3105 verso
391 3068 586 3106 sermo
619 3061 708 3107 est
747 3047 821 3107 de
859 3070 997 3107 vera
1037 3061 1252 3108 astraea
1286 3048 1615 3130 cujusmodi
1645 3050 1878 3127 (astrea

182 3149 437 3225 ananas)
484 3145 557 3207 de
598 3147 806 3209 eadem
853 3149 1032 3208 altum
1069 3149 1371 3211 silentium
1413 3148 1610 3231 quoad
1643 3148 1878 3208 tubulos

188 3261 399 3308 servat.
