2324 3631
1768 231 1882 289 119

179 301 745 380 demonstravimus,
797 317 1025 363 morem
1049 302 1385 386 plantarum
1409 324 1666 386 gerere3
1718 306 1888 370 ideo·

178 425 294 485 que
339 406 586 464 minime
632 407 949 465 anatomiae
995 419 1354 488 comparatae
1393 408 1705 489 principiis
1750 407 1890 469 freti

179 526 298 586 qua
342 503 627 565 docemur
692 507 751 563 in
796 505 990 580 foliis,
1037 506 1380 566 cellularum
1427 507 1887 590 dispositionem

180 604 426 682 adesse3
472 627 648 666 causa
691 604 898 666 mortis
942 619 1002 666 et
1031 621 1195 667 ortus
1219 622 1338 666 tam
1375 610 1433 666 in
1456 609 1885 682 animantibuS,

181 728 362 788 quam
382 708 440 765 in
485 706 700 789 plantis
740 706 1187 767 similitudinem
1234 708 1613 791 praeseferre,
1640 712 1726 770 uti
1749 733 1883 793 per-

176 805 340 866 bene*
358 810 582 866 notavit
624 807 887 866 Delzaan
909 809 969 866 in
1007 829 1113 867 suo
1138 831 1323 890 opere
1351 809 1423 869 de
1442 812 1883 894 monograplzia

177 913 687 968 ammoniteorum.
720 907 890 967 Adde
921 909 1368 969 similitudinem
1406 926 1707 973 externam
1737 936 1883 995 quo·

175 1008 428 1068 rundam
473 1032 785 1092 generum,
823 1012 908 1069 uti
930 1015 1263 1089 σοναὶῖἰηα,
1302 1034 1434 1093 quae
1492 1013 1570 1072 ad
1624 1021 1884 1075 corallia

172 1110 462 1170 accedere
495 1110 729 1169 videtur
756 1110 861 1170 sed
887 1110 959 1168 ad
1005 1111 1254 1170 eandem
1286 1135 1406 1171 non
1438 1112 1631 1173 dicam
1661 1118 1884 1178 seriem

169 1211 374 1270 sedne
400 1211 640 1292 quidem
661 1211 908 1270 classem
934 1213 1241 1293 pertinere
1272 1227 1494 1293 potest,
1540 1215 1880 1298 effecitque,

174 1325 240 1371 ut
283 1311 503 1394 plantae
549 1311 680 1370 loco
710 1326 1069 1394 tegumentae
1115 1311 1475 1394 polyporum
1497 1313 1881 1378 haberentur.

255 1415 403 1474 Haec
449 1416 742 1474 sententia
769 1436 903 1495 quae
931 1413 1253 1496 plurimum
1298 1438 1500 1497 graeco
1521 1416 1878 1502 philosopho

176 1514 404 1597 placuit
467 1517 562 1596 (ι)
632 1515 708 1574 ad
771 1530 1042 1575 nostram
1084 1515 1274 1576 ferme
1320 1530 1554 1577 aetatem
1598 1520 1883 1602 perdura-

176 1618 259 1676 vit
303 1618 417 1697 (2).

260 1719 485 1777 Intuitu
529 1717 925 1801 plurimorum
971 1716 1417 1800 polypariorum
1464 1735 1672 1802 postea
1708 1727 1885 1805 pauci

175 1820 501 1901 scriptores
555 1831 875 1901 coeperunt
919 1817 1284 1900 peculiarem
1328 1841 1534 1879 eorum
1578 1820 1886 1884 historiam

178 1941 447 2002 quaerere
494 1969 511 1997 ,
576 1935 636 1979 et
678 1919 1113 1979 elementorum
1152 1942 1333 1981 causa
1378 1923 1437 1980 in
1481 1923 1703 1984 classes
1750 1949 1886 2008 par-

180 2023 296 2080 tiri.
341 2022 497 2081 Nam
549 2023 856 2104 Imperato
924 2024 1351 2105 madreporam
1401 2029 1730 2107 simplicem
1777 2028 1885 2085 ob·-

174 2144 456 2198 servans,
505 2144 634 2181 eam
683 2121 759 2181 ad
803 2137 1213 2205 tegumentum
1277 2126 1664 2187 animantium
1704 2131 1884 2210 perti·

172 2246 319 2284 nere
350 2273 367 2300 ,
412 2247 525 2284 nec
572 2225 800 2307 absque
847 2224 1267 2303 fundamentQ
1310 2228 1398 2285 uti
1442 2229 1745 2310 posterior
1788 2252 1883 2288 ex-

174 2328 472 2408 perientia
513 2325 980 2403 demonstravit,
1028 2327 1368 2388 crediderat
1413 2330 1541 2409 (3):
1585 2329 1716 2390 haec
1765 2334 1887 2413 opi-

176 2427 275 2485 nio
321 2427 543 2510 placuit
617 2450 859 2510 quoque
908 2430 1248 2501 Gztaltieri,
1294 2430 1433 2490 licet
1477 2430 1576 2490 hic
1623 2435 1887 2515 scriptor

176 2527 322 2586 nihil
383 2528 572 2588 ferme
619 2529 940 2589 contulerit
1010 2529 1297 2613 peculiari
1344 2531 1758 2592 observatione
1807 2535 1885 2593 di-

179 2651 381 2712 gnum.
426 2632 656 2690 Donati
703 2645 762 2690 et
802 2634 1012 2691 Pallas
1084 2655 1196 2714 pro
1243 2647 1414 2714 parte
1461 2656 1595 2693 eam
1638 2636 1889 2718 amplexi

179 2744 351 2807 sunt3
397 2753 680 2792 romanus
728 2733 910 2792 Scilla
958 2754 1089 2793 eam
1119 2732 1447 2796 defendere
1483 2739 1711 2819 primus
1760 2759 1884 2796 coe-

189 2971 259 3027 (1)
289 2973 550 3014 Aristotiles.
583 2973 777 3014 Historia
809 2974 940 3015 anim.
969 2975 1118 3015 chrioe
1150 2975 1254 3017 edic.

187 3044 258 3100 (2)
289 3048 496 3102 Borgnet.
528 3047 679 3089 Traitd
711 3050 784 3089 des
815 3048 1003 3103 petrific.
1039 3050 1114 3091 cit.

305 3119 449 3160 Shaw.
482 3121 644 3174 Voyag.
679 3122 784 3162 dans
817 3122 856 3161 la
887 3121 1105 3163 Barberie.
1139 3125 1273 3181 Hase
1311 3124 1430 3179 1743.

305 3191 485 3233 Donati.
519 3193 685 3234 Histor.
717 3202 863 3236 natur.
897 3194 1072 3237 Aclriat.
1105 3197 1178 3238 cic.

198 3263 266 3323 (3)
296 3265 489 3309 Historia
520 3268 746 3310 naturalis.
782 3270 962 3327 Neapol.
1008 3270 1125 3324 ¹599-
