<?xml version="1.0" encoding="UTF-8"?>
<!DOCTYPE html PUBLIC "-//W3C//DTD XHTML 1.0 Transitional//EN"
    "http://www.w3.org/TR/xhtml1/DTD/xhtml1-transitional.dtd">
<html xmlns="http://www.w3.org/1999/xhtml" xml:lang="en" lang="en">
 <head>
  <title>
</title>
<meta http-equiv="Content-Type" content="text/html;charset=utf-8" />
  <meta name='ocr-system' content='tesseract 3.04.00' />
  <meta name='ocr-capabilities' content='ocr_page ocr_carea ocr_par ocr_line ocrx_word'/>
</head>
<body>
  <div class='ocr_page' id='page_1' title='image "./specimenzoophyto00mich_0221.png"; bbox 0 0 2324 3631; ppageno 0'>
   <div class='ocr_carea' id='block_1_1' title="bbox 203 177 1926 3180">
    <p class='ocr_par' dir='ltr' id='par_1_1' title="bbox 225 177 1926 648">
     <span class='ocr_line' id='line_1_1' title="bbox 1804 177 1921 233; baseline 0.017 -2"><span class='ocrx_word' id='word_1_1' title='bbox 1804 177 1921 233; x_wconf 74' lang='lat'>213</span> 
     </span>
     <span class='ocr_line' id='line_1_2' title="bbox 231 264 1924 354; baseline 0.006 -31"><span class='ocrx_word' id='word_1_2' title='bbox 231 264 391 347; x_wconf 80' lang='lat' dir='ltr'>quod</span> <span class='ocrx_word' id='word_1_3' title='bbox 422 285 616 346; x_wconf 87' lang='lat' dir='ltr'>neque</span> <span class='ocrx_word' id='word_1_4' title='bbox 662 266 719 322; x_wconf 91' lang='lat' dir='ltr'>in</span> <span class='ocrx_word' id='word_1_5' title='bbox 751 265 911 322; x_wconf 88' lang='lat' dir='ltr'>omni</span> <span class='ocrx_word' id='word_1_6' title='bbox 951 285 1090 324; x_wconf 84' lang='lat' dir='ltr'>casu</span> <span class='ocrx_word' id='word_1_7' title='bbox 1122 267 1203 324; x_wconf 82' lang='lat' dir='ltr'>ita</span> <span class='ocrx_word' id='word_1_8' title='bbox 1231 287 1294 325; x_wconf 87' lang='lat' dir='ltr'>se</span> <span class='ocrx_word' id='word_1_9' title='bbox 1342 265 1522 326; x_wconf 86' lang='lat' dir='ltr'>habet</span> <span class='ocrx_word' id='word_1_10' title='bbox 1545 317 1563 345; x_wconf 82' lang='lat'><em>,</em></span> <span class='ocrx_word' id='word_1_11' title='bbox 1605 277 1924 354; x_wconf 76' lang='lat' dir='ltr'>millepora</span> 
     </span>
     <span class='ocr_line' id='line_1_3' title="bbox 227 364 1923 451; baseline 0.004 -27"><span class='ocrx_word' id='word_1_12' title='bbox 227 367 386 424; x_wconf 91' lang='lat' dir='ltr'>enim</span> <span class='ocrx_word' id='word_1_13' title='bbox 425 379 730 439; x_wconf 69' lang='lat' dir='ltr'>truncata,</span> <span class='ocrx_word' id='word_1_14' title='bbox 766 364 1080 447; x_wconf 84' lang='lat' dir='ltr'>millepora</span> <span class='ocrx_word' id='word_1_15' title='bbox 1116 387 1352 448; x_wconf 76' lang='lat' dir='ltr'>aspera,</span> <span class='ocrx_word' id='word_1_16' title='bbox 1395 369 1740 451; x_wconf 59' lang='lat' dir='ltr'>tabulffwn,</span> <span class='ocrx_word' id='word_1_17' title='bbox 1773 374 1923 435; x_wconf 78' lang='lat' dir='ltr'>aliae-</span> 
     </span>
     <span class='ocr_line' id='line_1_4' title="bbox 227 464 1926 549; baseline 0.006 -26"><span class='ocrx_word' id='word_1_18' title='bbox 227 487 343 546; x_wconf 87' lang='lat' dir='ltr'>que</span> <span class='ocrx_word' id='word_1_19' title='bbox 389 488 569 548; x_wconf 82' lang='lat' dir='ltr'>quam</span> <span class='ocrx_word' id='word_1_20' title='bbox 613 464 826 539; x_wconf 61' lang='lat' dir='ltr'>multae,</span> <span class='ocrx_word' id='word_1_21' title='bbox 874 488 993 524; x_wconf 95' lang='lat' dir='ltr'>non</span> <span class='ocrx_word' id='word_1_22' title='bbox 1039 469 1099 523; x_wconf 86' lang='lat' dir='ltr'>in</span> <span class='ocrx_word' id='word_1_23' title='bbox 1144 467 1461 549; x_wconf 85' lang='lat' dir='ltr'>superficie</span> <span class='ocrx_word' id='word_1_24' title='bbox 1508 485 1769 548; x_wconf 79' lang='lat' dir='ltr'>tantum,</span> <span class='ocrx_word' id='word_1_25' title='bbox 1817 475 1926 533; x_wconf 87' lang='lat' dir='ltr'>sed</span> 
     </span>
     <span class='ocr_line' id='line_1_5' title="bbox 225 565 1545 648; baseline 0.004 -26"><span class='ocrx_word' id='word_1_26' title='bbox 225 568 379 625; x_wconf 92' lang='lat' dir='ltr'>intus</span> <span class='ocrx_word' id='word_1_27' title='bbox 428 570 604 625; x_wconf 83' lang='lat' dir='ltr'>etiam</span> <span class='ocrx_word' id='word_1_28' title='bbox 650 585 830 648; x_wconf 87' lang='lat' dir='ltr'>poros</span> <span class='ocrx_word' id='word_1_29' title='bbox 873 565 1208 647; x_wconf 89' lang='lat' dir='ltr'>insculptos</span> <span class='ocrx_word' id='word_1_30' title='bbox 1251 567 1545 628; x_wconf 77' lang='lat' dir='ltr'>exhibent.</span> 
     </span>
    </p>

    <p class='ocr_par' dir='ltr' id='par_1_2' title="bbox 214 666 1925 1959">
     <span class='ocr_line' id='line_1_6' title="bbox 306 666 1922 757; baseline 0.006 -34"><span class='ocrx_word' id='word_1_31' title='bbox 306 666 494 725; x_wconf 87' lang='lat' dir='ltr'>Multo</span> <span class='ocrx_word' id='word_1_32' title='bbox 532 668 910 747; x_wconf 75' lang='lat' dir='ltr'>pretiosiora,</span> <span class='ocrx_word' id='word_1_33' title='bbox 954 667 1094 725; x_wconf 85' lang='lat' dir='ltr'>licet</span> <span class='ocrx_word' id='word_1_34' title='bbox 1131 690 1308 725; x_wconf 75' lang='lat' dir='ltr'>unam</span> <span class='ocrx_word' id='word_1_35' title='bbox 1347 684 1575 729; x_wconf 82' lang='lat' dir='ltr'>tantum</span> <span class='ocrx_word' id='word_1_36' title='bbox 1613 674 1922 757; x_wconf 81' lang='lat' dir='ltr'>investiga-</span> 
     </span>
     <span class='ocr_line' id='line_1_7' title="bbox 222 767 1921 852; baseline 0.006 -27"><span class='ocrx_word' id='word_1_37' title='bbox 222 770 414 826; x_wconf 78' lang='lat' dir='ltr'><strong>verint</strong></span> <span class='ocrx_word' id='word_1_38' title='bbox 442 769 727 849; x_wconf 82' lang='lat' dir='ltr'>speciem,</span> <span class='ocrx_word' id='word_1_39' title='bbox 759 789 891 847; x_wconf 75' lang='lat' dir='ltr'>quoe</span> <span class='ocrx_word' id='word_1_40' title='bbox 933 781 1149 841; x_wconf 78' lang='lat' dir='ltr'>tamen,</span> <span class='ocrx_word' id='word_1_41' title='bbox 1190 767 1370 828; x_wconf 85' lang='lat' dir='ltr'>dubio</span> <span class='ocrx_word' id='word_1_42' title='bbox 1405 772 1632 852; x_wconf 71' lang='lat' dir='ltr'>procul,</span> <span class='ocrx_word' id='word_1_43' title='bbox 1661 777 1921 834; x_wconf 77' lang='lat' dir='ltr'>eminen-</span> 
     </span>
     <span class='ocr_line' id='line_1_8' title="bbox 224 866 1917 951; baseline 0.005 -25"><span class='ocrx_word' id='word_1_44' title='bbox 224 882 317 927; x_wconf 84' lang='lat' dir='ltr'>ter</span> <span class='ocrx_word' id='word_1_45' title='bbox 353 866 427 926; x_wconf 84' lang='lat' dir='ltr'>ad</span> <span class='ocrx_word' id='word_1_46' title='bbox 464 867 803 949; x_wconf 83' lang='lat' dir='ltr'>milleporas</span> <span class='ocrx_word' id='word_1_47' title='bbox 836 869 1099 950; x_wconf 80' lang='lat' dir='ltr'><strong>pertinet</strong></span> <span class='ocrx_word' id='word_1_48' title='bbox 1137 916 1154 943; x_wconf 64' lang='lat'><em>9</em></span> <span class='ocrx_word' id='word_1_49' title='bbox 1193 871 1567 951; x_wconf 87' lang='lat' dir='ltr'>scripserunt</span> <span class='ocrx_word' id='word_1_50' title='bbox 1607 874 1788 933; x_wconf 76' lang='lat' dir='ltr'>italici</span> <span class='ocrx_word' id='word_1_51' title='bbox 1823 900 1917 934; x_wconf 85' lang='lat' dir='ltr'>au-</span> 
     </span>
     <span class='ocr_line' id='line_1_9' title="bbox 225 970 1925 1056; baseline 0.005 -29"><span class='ocrx_word' id='word_1_52' title='bbox 225 983 421 1028; x_wconf 86' lang='lat' dir='ltr'>ctores</span> <span class='ocrx_word' id='word_1_53' title='bbox 459 970 688 1027; x_wconf 71' lang='lat' dir='ltr'>Donati</span> <span class='ocrx_word' id='word_1_54' title='bbox 747 983 808 1027; x_wconf 89' lang='lat' dir='ltr'>et</span> <span class='ocrx_word' id='word_1_55' title='bbox 870 970 1158 1027; x_wconf 73' lang='lat' dir='ltr'>Cavollni.</span> <span class='ocrx_word' id='word_1_56' title='bbox 1219 970 1408 1042; x_wconf 79' lang='lat' dir='ltr'>Quam</span> <span class='ocrx_word' id='word_1_57' title='bbox 1460 971 1574 1030; x_wconf 85' lang='lat' dir='ltr'>sibi</span> <span class='ocrx_word' id='word_1_58' title='bbox 1611 979 1925 1056; x_wconf 81' lang='lat' dir='ltr'>proposuit</span> 
     </span>
     <span class='ocr_line' id='line_1_10' title="bbox 223 1068 1921 1153; baseline 0.004 -25"><span class='ocrx_word' id='word_1_59' title='bbox 223 1072 491 1151; x_wconf 88' lang='lat' dir='ltr'>speciem</span> <span class='ocrx_word' id='word_1_60' title='bbox 524 1072 754 1128; x_wconf 78' lang='lat' dir='ltr'>Donati</span> <span class='ocrx_word' id='word_1_61' title='bbox 780 1068 990 1128; x_wconf 85' lang='lat' dir='ltr'>eadem</span> <span class='ocrx_word' id='word_1_62' title='bbox 1011 1085 1121 1146; x_wconf 76' lang='lat' dir='ltr'>est,</span> <span class='ocrx_word' id='word_1_63' title='bbox 1155 1093 1332 1151; x_wconf 79' lang='lat' dir='ltr'>quam</span> <span class='ocrx_word' id='word_1_64' title='bbox 1356 1073 1921 1153; x_wconf 83' lang='lat' dir='ltr'>pseudo-corallium</span> 
     </span>
     <span class='ocr_line' id='line_1_11' title="bbox 220 1170 1922 1254; baseline 0.004 -24"><span class='ocrx_word' id='word_1_65' title='bbox 220 1170 438 1246; x_wconf 80' lang='lat' dir='ltr'>album,</span> <span class='ocrx_word' id='word_1_66' title='bbox 478 1170 791 1252; x_wconf 78' lang='lat' dir='ltr'>fungosum</span> <span class='ocrx_word' id='word_1_67' title='bbox 829 1171 1208 1230; x_wconf 75' lang='lat' dir='ltr'>Aldrovandi</span> <span class='ocrx_word' id='word_1_68' title='bbox 1239 1191 1708 1254; x_wconf 78' lang='lat' dir='ltr'>nuncupaverat3</span> <span class='ocrx_word' id='word_1_69' title='bbox 1755 1193 1922 1237; x_wconf 82' lang='lat' dir='ltr'>notat</span> 
     </span>
     <span class='ocr_line' id='line_1_12' title="bbox 218 1271 1918 1355; baseline 0.004 -25"><span class='ocrx_word' id='word_1_70' title='bbox 218 1273 465 1347; x_wconf 79' lang='lat' dir='ltr'>Donati,</span> <span class='ocrx_word' id='word_1_71' title='bbox 502 1274 564 1328; x_wconf 89' lang='lat' dir='ltr'>in</span> <span class='ocrx_word' id='word_1_72' title='bbox 601 1275 716 1330; x_wconf 91' lang='lat' dir='ltr'>vim</span> <span class='ocrx_word' id='word_1_73' title='bbox 751 1271 1094 1330; x_wconf 79' lang='lat' dir='ltr'>cellularum</span> <span class='ocrx_word' id='word_1_74' title='bbox 1118 1271 1325 1353; x_wconf 79' lang='lat' dir='ltr'>fragile</span> <span class='ocrx_word' id='word_1_75' title='bbox 1363 1273 1737 1355; x_wconf 82' lang='lat' dir='ltr'>polyparium</span> <span class='ocrx_word' id='word_1_76' title='bbox 1767 1298 1918 1353; x_wconf 80' lang='lat' dir='ltr'>esse,</span> 
     </span>
     <span class='ocr_line' id='line_1_13' title="bbox 220 1372 1921 1454; baseline 0.004 -24"><span class='ocrx_word' id='word_1_77' title='bbox 220 1374 282 1430; x_wconf 87' lang='lat' dir='ltr'>in</span> <span class='ocrx_word' id='word_1_78' title='bbox 322 1375 690 1453; x_wconf 85' lang='lat' dir='ltr'>quincunces</span> <span class='ocrx_word' id='word_1_79' title='bbox 725 1372 1045 1453; x_wconf 85' lang='lat' dir='ltr'>dispositos</span> <span class='ocrx_word' id='word_1_80' title='bbox 1075 1395 1288 1454; x_wconf 79' lang='lat' dir='ltr'>poros3</span> <span class='ocrx_word' id='word_1_81' title='bbox 1329 1375 1680 1433; x_wconf 83' lang='lat' dir='ltr'>cinerariam</span> <span class='ocrx_word' id='word_1_82' title='bbox 1710 1400 1921 1437; x_wconf 80' lang='lat' dir='ltr'>urnam</span> 
     </span>
     <span class='ocr_line' id='line_1_14' title="bbox 219 1473 1916 1555; baseline 0.004 -23"><span class='ocrx_word' id='word_1_83' title='bbox 219 1476 599 1554; x_wconf 84' lang='lat' dir='ltr'>antiquorum</span> <span class='ocrx_word' id='word_1_84' title='bbox 638 1496 1120 1555; x_wconf 82' lang='lat' dir='ltr'><strong>unamquamque</strong></span> <span class='ocrx_word' id='word_1_85' title='bbox 1163 1473 1432 1532; x_wconf 82' lang='lat' dir='ltr'>cellulam</span> <span class='ocrx_word' id='word_1_86' title='bbox 1471 1473 1770 1535; x_wconf 78' lang='lat' dir='ltr'>exhibere.</span> <span class='ocrx_word' id='word_1_87' title='bbox 1800 1480 1916 1538; x_wconf 89' lang='lat' dir='ltr'>Po-</span> 
     </span>
     <span class='ocr_line' id='line_1_15' title="bbox 219 1573 1919 1657; baseline 0.004 -27"><span class='ocrx_word' id='word_1_88' title='bbox 219 1574 421 1656; x_wconf 85' lang='lat' dir='ltr'>lypum</span> <span class='ocrx_word' id='word_1_89' title='bbox 462 1574 787 1657; x_wconf 79' lang='lat' dir='ltr'>oblongum</span> <span class='ocrx_word' id='word_1_90' title='bbox 834 1576 1026 1632; x_wconf 80' lang='lat' dir='ltr'>ventri</span> <span class='ocrx_word' id='word_1_91' title='bbox 1067 1573 1373 1634; x_wconf 81' lang='lat' dir='ltr'>dilatatum</span> <span class='ocrx_word' id='word_1_92' title='bbox 1401 1622 1414 1647; x_wconf 84' lang='lat'><em>‚</em></span> <span class='ocrx_word' id='word_1_93' title='bbox 1458 1574 1919 1657; x_wconf 78' lang='lat' dir='ltr'>proboscidem,</span> 
     </span>
     <span class='ocr_line' id='line_1_16' title="bbox 218 1675 1920 1762; baseline 0.004 -28"><span class='ocrx_word' id='word_1_94' title='bbox 218 1697 325 1734; x_wconf 92' lang='lat' dir='ltr'>seu</span> <span class='ocrx_word' id='word_1_95' title='bbox 361 1697 643 1733; x_wconf 87' lang='lat' dir='ltr'>coronam</span> <span class='ocrx_word' id='word_1_96' title='bbox 682 1675 1113 1734; x_wconf 84' lang='lat' dir='ltr'>tentaculorum</span> <span class='ocrx_word' id='word_1_97' title='bbox 1130 1691 1462 1757; x_wconf 72' lang='lat' dir='ltr'><strong>gerentem,</strong></span> <span class='ocrx_word' id='word_1_98' title='bbox 1504 1677 1742 1753; x_wconf 76' lang='lat' dir='ltr'>adesse3</span> <span class='ocrx_word' id='word_1_99' title='bbox 1784 1704 1920 1762; x_wconf 81' lang='lat' dir='ltr'>pro-</span> 
     </span>
     <span class='ocr_line' id='line_1_17' title="bbox 214 1775 1916 1863; baseline 0.005 -30"><span class='ocrx_word' id='word_1_100' title='bbox 214 1775 526 1835; x_wconf 85' lang='lat' dir='ltr'>boscidem</span> <span class='ocrx_word' id='word_1_101' title='bbox 565 1778 719 1834; x_wconf 83' lang='lat' dir='ltr'>circa</span> <span class='ocrx_word' id='word_1_102' title='bbox 743 1776 924 1834; x_wconf 83' lang='lat' dir='ltr'>latera</span> <span class='ocrx_word' id='word_1_103' title='bbox 957 1776 1330 1856; x_wconf 76' lang='lat' dir='ltr'>conjunctam</span> <span class='ocrx_word' id='word_1_104' title='bbox 1353 1800 1482 1838; x_wconf 90' lang='lat' dir='ltr'>esse</span> <span class='ocrx_word' id='word_1_105' title='bbox 1501 1801 1634 1838; x_wconf 89' lang='lat' dir='ltr'>cum</span> <span class='ocrx_word' id='word_1_106' title='bbox 1673 1780 1916 1863; x_wconf 79' lang='lat' dir='ltr'>polyp0‚</span> 
     </span>
     <span class='ocr_line' id='line_1_18' title="bbox 232 1876 1094 1959; baseline -0.001 -24"><span class='ocrx_word' id='word_1_107' title='bbox 232 1899 348 1959; x_wconf 88' lang='lat' dir='ltr'>ope</span> <span class='ocrx_word' id='word_1_108' title='bbox 388 1876 642 1936; x_wconf 81' lang='lat' dir='ltr'>duorum</span> <span class='ocrx_word' id='word_1_109' title='bbox 673 1876 1094 1935; x_wconf 89' lang='lat' dir='ltr'>musculorum.</span> 
     </span>
    </p>

    <p class='ocr_par' dir='ltr' id='par_1_3' title="bbox 208 1977 1920 2267">
     <span class='ocr_line' id='line_1_19' title="bbox 310 1977 1920 2066; baseline 0.006 -29"><span class='ocrx_word' id='word_1_110' title='bbox 310 1977 433 2037; x_wconf 85' lang='lat' dir='ltr'>Ubi</span> <span class='ocrx_word' id='word_1_111' title='bbox 473 1979 684 2036; x_wconf 79' lang='lat' dir='ltr'>animal</span> <span class='ocrx_word' id='word_1_112' title='bbox 735 2000 797 2036; x_wconf 91' lang='lat' dir='ltr'>se</span> <span class='ocrx_word' id='word_1_113' title='bbox 836 1981 1110 2060; x_wconf 84' lang='lat' dir='ltr'>recipere</span> <span class='ocrx_word' id='word_1_114' title='bbox 1151 1981 1289 2040; x_wconf 87' lang='lat' dir='ltr'>velit</span> <span class='ocrx_word' id='word_1_115' title='bbox 1318 2031 1334 2057; x_wconf 82' lang='grc'>,</span> <span class='ocrx_word' id='word_1_116' title='bbox 1373 1981 1480 2042; x_wconf 84' lang='lat' dir='ltr'>hac</span> <span class='ocrx_word' id='word_1_117' title='bbox 1518 1986 1647 2066; x_wconf 81' lang='lat' dir='ltr'>ipsa</span> <span class='ocrx_word' id='word_1_118' title='bbox 1685 1987 1920 2046; x_wconf 84' lang='lat' dir='ltr'>actione</span> 
     </span>
     <span class='ocr_line' id='line_1_20' title="bbox 222 2079 1918 2165; baseline 0.004 -26"><span class='ocrx_word' id='word_1_119' title='bbox 222 2079 513 2140; x_wconf 78' lang='lat' dir='ltr'>clauditur</span> <span class='ocrx_word' id='word_1_120' title='bbox 543 2080 766 2152; x_wconf 75' lang='lat' dir='ltr'>cellula,</span> <span class='ocrx_word' id='word_1_121' title='bbox 811 2082 1128 2165; x_wconf 79' lang='lat' dir='ltr'>opercuIO‚</span> <span class='ocrx_word' id='word_1_122' title='bbox 1167 2086 1474 2164; x_wconf 85' lang='lat' dir='ltr'>superiore</span> <span class='ocrx_word' id='word_1_123' title='bbox 1504 2101 1797 2145; x_wconf 77' lang='lat' dir='ltr'>manente.</span> <span class='ocrx_word' id='word_1_124' title='bbox 1830 2089 1918 2146; x_wconf 80' lang='lat' dir='ltr'>De</span> 
     </span>
     <span class='ocr_line' id='line_1_21' title="bbox 208 2179 1911 2267; baseline 0.004 -26"><span class='ocrx_word' id='word_1_125' title='bbox 208 2181 430 2264; x_wconf 84' lang='lat' dir='ltr'>polypo</span> <span class='ocrx_word' id='word_1_126' title='bbox 449 2180 648 2239; x_wconf 81' lang='lat' dir='ltr'>adulto</span> <span class='ocrx_word' id='word_1_127' title='bbox 675 2203 796 2238; x_wconf 86' lang='lat' dir='ltr'>non</span> <span class='ocrx_word' id='word_1_128' title='bbox 822 2180 893 2239; x_wconf 89' lang='lat' dir='ltr'>de</span> <span class='ocrx_word' id='word_1_129' title='bbox 914 2179 1149 2262; x_wconf 83' lang='lat' dir='ltr'>juniore</span> <span class='ocrx_word' id='word_1_130' title='bbox 1174 2181 1301 2242; x_wconf 82' lang='lat' dir='ltr'>haec</span> <span class='ocrx_word' id='word_1_131' title='bbox 1336 2187 1611 2244; x_wconf 81' lang='lat' dir='ltr'>affirmari</span> <span class='ocrx_word' id='word_1_132' title='bbox 1645 2204 1911 2267; x_wconf 79' lang='lat' dir='ltr'>possunt.</span> 
     </span>
    </p>

    <p class='ocr_par' dir='ltr' id='par_1_4' title="bbox 206 2285 1909 2978">
     <span class='ocr_line' id='line_1_22' title="bbox 293 2285 1909 2374; baseline 0.006 -32"><span class='ocrx_word' id='word_1_133' title='bbox 293 2287 627 2365; x_wconf 60' lang='lat' dir='ltr'>lllilleporce</span> <span class='ocrx_word' id='word_1_134' title='bbox 666 2285 1143 2365; x_wconf 69' lang='lat' dir='ltr'>investigationes</span> <span class='ocrx_word' id='word_1_135' title='bbox 1208 2310 1240 2342; x_wconf 83' lang='lat' dir='ltr'>a</span> <span class='ocrx_word' id='word_1_136' title='bbox 1311 2289 1539 2346; x_wconf 73' lang='lat' dir='ltr'>Donati</span> <span class='ocrx_word' id='word_1_137' title='bbox 1598 2305 1909 2374; x_wconf 77' lang='lat' dir='ltr'>susceptas</span> 
     </span>
     <span class='ocr_line' id='line_1_23' title="bbox 210 2386 1909 2466; baseline 0.004 -21"><span class='ocrx_word' id='word_1_138' title='bbox 210 2400 446 2445; x_wconf 87' lang='lat' dir='ltr'>secutus</span> <span class='ocrx_word' id='word_1_139' title='bbox 485 2399 574 2444; x_wconf 88' lang='lat' dir='ltr'>est</span> <span class='ocrx_word' id='word_1_140' title='bbox 612 2386 918 2466; x_wconf 32' lang='lat' dir='ltr'>Cavolc&#39;nilss</span> <span class='ocrx_word' id='word_1_141' title='bbox 959 2407 1248 2445; x_wconf 79' lang='lat' dir='ltr'>summam</span> <span class='ocrx_word' id='word_1_142' title='bbox 1301 2389 1780 2466; x_wconf 75' lang='lat' dir='ltr'>sensibilitatem,</span> <span class='ocrx_word' id='word_1_143' title='bbox 1820 2394 1909 2451; x_wconf 69' lang='lat' dir='ltr'>bi-</span> 
     </span>
     <span class='ocr_line' id='line_1_24' title="bbox 207 2487 1909 2571; baseline 0.004 -26"><span class='ocrx_word' id='word_1_144' title='bbox 207 2487 626 2561; x_wconf 79' lang='lat' dir='ltr'>furcationem,</span> <span class='ocrx_word' id='word_1_145' title='bbox 659 2507 775 2543; x_wconf 89' lang='lat' dir='ltr'>non</span> <span class='ocrx_word' id='word_1_146' title='bbox 808 2488 1278 2566; x_wconf 80' lang='lat' dir='ltr'>quincuncialem</span> <span class='ocrx_word' id='word_1_147' title='bbox 1323 2489 1774 2571; x_wconf 82' lang='lat' dir='ltr'>dispositionem</span> <span class='ocrx_word' id='word_1_148' title='bbox 1815 2492 1909 2551; x_wconf 81' lang='lat' dir='ltr'>ad-</span> 
     </span>
     <span class='ocr_line' id='line_1_25' title="bbox 209 2589 1908 2673; baseline 0.003 -24"><span class='ocrx_word' id='word_1_149' title='bbox 209 2593 432 2667; x_wconf 75' lang='lat' dir='ltr'>mittit3</span> <span class='ocrx_word' id='word_1_150' title='bbox 473 2613 648 2672; x_wconf 82' lang='lat' dir='ltr'>quam</span> <span class='ocrx_word' id='word_1_151' title='bbox 690 2589 1113 2672; x_wconf 81' lang='lat' dir='ltr'>proboscidem</span> <span class='ocrx_word' id='word_1_152' title='bbox 1183 2611 1314 2650; x_wconf 92' lang='lat' dir='ltr'>esse</span> <span class='ocrx_word' id='word_1_153' title='bbox 1372 2595 1598 2673; x_wconf 82' lang='lat' dir='ltr'>putavit</span> <span class='ocrx_word' id='word_1_154' title='bbox 1633 2597 1908 2666; x_wconf 71' lang='lat' dir='ltr'>Donati,</span> 
     </span>
     <span class='ocr_line' id='line_1_26' title="bbox 211 2692 1908 2755; baseline 0.002 -3"><span class='ocrx_word' id='word_1_155' title='bbox 211 2715 491 2752; x_wconf 85' lang='lat' dir='ltr'>coronam</span> <span class='ocrx_word' id='word_1_156' title='bbox 529 2694 1053 2750; x_wconf 85' lang='lat' dir='ltr'>minutissimorum</span> <span class='ocrx_word' id='word_1_157' title='bbox 1095 2692 1527 2751; x_wconf 81' lang='lat' dir='ltr'>tentaculorum</span> <span class='ocrx_word' id='word_1_158' title='bbox 1571 2695 1784 2754; x_wconf 86' lang='lat' dir='ltr'>leviter</span> <span class='ocrx_word' id='word_1_159' title='bbox 1819 2719 1908 2755; x_wconf 85' lang='lat' dir='ltr'>re-</span> 
     </span>
     <span class='ocr_line' id='line_1_27' title="bbox 207 2791 1904 2877; baseline 0.001 -24"><span class='ocrx_word' id='word_1_160' title='bbox 207 2795 573 2868; x_wconf 81' lang='lat' dir='ltr'>volutorum,</span> <span class='ocrx_word' id='word_1_161' title='bbox 605 2814 734 2852; x_wconf 92' lang='lat' dir='ltr'>esse</span> <span class='ocrx_word' id='word_1_162' title='bbox 782 2792 988 2867; x_wconf 76' lang='lat' dir='ltr'>docet3</span> <span class='ocrx_word' id='word_1_163' title='bbox 1028 2791 1128 2849; x_wconf 89' lang='lat' dir='ltr'>ubi</span> <span class='ocrx_word' id='word_1_164' title='bbox 1167 2793 1467 2874; x_wconf 78' lang='lat' dir='ltr'>prodeant</span> <span class='ocrx_word' id='word_1_165' title='bbox 1506 2796 1742 2877; x_wconf 77' lang='lat' dir='ltr'>polypi,</span> <span class='ocrx_word' id='word_1_166' title='bbox 1782 2811 1904 2855; x_wconf 85' lang='lat' dir='ltr'>ten-</span> 
     </span>
     <span class='ocr_line' id='line_1_28' title="bbox 206 2895 1061 2978; baseline -0.002 -24"><span class='ocrx_word' id='word_1_167' title='bbox 206 2896 396 2955; x_wconf 83' lang='lat' dir='ltr'>tacula</span> <span class='ocrx_word' id='word_1_168' title='bbox 435 2895 763 2978; x_wconf 80' lang='lat' dir='ltr'>cylindrum</span> <span class='ocrx_word' id='word_1_169' title='bbox 805 2897 1061 2953; x_wconf 86' lang='lat' dir='ltr'>efficere.</span> 
     </span>
    </p>

    <p class='ocr_par' dir='ltr' id='par_1_5' title="bbox 203 2995 1901 3180">
     <span class='ocr_line' id='line_1_29' title="bbox 289 2995 1901 3081; baseline 0.002 -26"><span class='ocrx_word' id='word_1_170' title='bbox 289 2999 533 3056; x_wconf 83' lang='lat' dir='ltr'>Certum</span> <span class='ocrx_word' id='word_1_171' title='bbox 558 2998 800 3078; x_wconf 78' lang='lat' dir='ltr'>pariter,</span> <span class='ocrx_word' id='word_1_172' title='bbox 838 2995 990 3076; x_wconf 81' lang='lat' dir='ltr'>juxta</span> <span class='ocrx_word' id='word_1_173' title='bbox 1014 2998 1287 3055; x_wconf 74' lang='lat' dir='ltr'>Cavolz&#39;ni</span> <span class='ocrx_word' id='word_1_174' title='bbox 1310 2999 1687 3076; x_wconf 78' lang='lat' dir='ltr'>sententiam,</span> <span class='ocrx_word' id='word_1_175' title='bbox 1712 3020 1901 3081; x_wconf 82' lang='lat' dir='ltr'>aequa-</span> 
     </span>
     <span class='ocr_line' id='line_1_30' title="bbox 203 3097 1895 3180; baseline 0.001 -24"><span class='ocrx_word' id='word_1_176' title='bbox 203 3099 321 3157; x_wconf 88' lang='lat' dir='ltr'>lem</span> <span class='ocrx_word' id='word_1_177' title='bbox 359 3121 488 3158; x_wconf 89' lang='lat' dir='ltr'>esse</span> <span class='ocrx_word' id='word_1_178' title='bbox 535 3097 966 3158; x_wconf 84' lang='lat' dir='ltr'>dimensionem</span> <span class='ocrx_word' id='word_1_179' title='bbox 1020 3103 1343 3180; x_wconf 73' lang='lat' dir='ltr'>milleporoe</span> <span class='ocrx_word' id='word_1_180' title='bbox 1389 3113 1684 3159; x_wconf 64' lang='lat' dir='ltr'>truncam)</span> <span class='ocrx_word' id='word_1_181' title='bbox 1712 3148 1731 3172; x_wconf 76' lang='lat'><em>,</em></span> <span class='ocrx_word' id='word_1_182' title='bbox 1769 3115 1895 3159; x_wconf 80' lang='lat' dir='ltr'>turn</span> 
     </span>
    </p>
   </div>
   <div class='ocr_carea' id='block_1_2' title="bbox 208 3199 1900 3283">
    <p class='ocr_par' dir='ltr' id='par_1_6' title="bbox 208 3199 1900 3283">
     <span class='ocr_line' id='line_1_31' title="bbox 208 3199 1900 3283; baseline 0.002 -26"><span class='ocrx_word' id='word_1_183' title='bbox 208 3202 266 3258; x_wconf 88' lang='lat' dir='ltr'>in</span> <span class='ocrx_word' id='word_1_184' title='bbox 302 3203 472 3259; x_wconf 80' lang='lat' dir='ltr'>ramis</span> <span class='ocrx_word' id='word_1_185' title='bbox 503 3250 517 3276; x_wconf 84' lang='lat'><em>‚</em></span> <span class='ocrx_word' id='word_1_186' title='bbox 559 3216 680 3260; x_wconf 89' lang='lat' dir='ltr'>tum</span> <span class='ocrx_word' id='word_1_187' title='bbox 738 3202 798 3258; x_wconf 89' lang='lat' dir='ltr'>in</span> <span class='ocrx_word' id='word_1_188' title='bbox 858 3200 985 3259; x_wconf 80' lang='lat' dir='ltr'>basi</span> <span class='ocrx_word' id='word_1_189' title='bbox 1017 3250 1032 3277; x_wconf 63' lang='lat'><em>7</em></span> <span class='ocrx_word' id='word_1_190' title='bbox 1074 3199 1233 3280; x_wconf 78' lang='lat' dir='ltr'>quod</span> <span class='ocrx_word' id='word_1_191' title='bbox 1290 3199 1560 3262; x_wconf 78' lang='lat' dir='ltr'>facillime</span> <span class='ocrx_word' id='word_1_192' title='bbox 1611 3201 1900 3283; x_wconf 79' lang='lat' dir='ltr'>explicare</span> 
     </span>
    </p>
   </div>
  </div>
 </body>
</html>
