2324 3631
1797 234 1869 293 91

264 314 417 374 Illud
456 317 656 398 itaque
693 328 1000 389 remanet,
1031 327 1095 372 ut
1132 314 1203 372 de
1244 311 1517 371 inferiore
1558 311 1876 394 superficie

183 436 521 476 sermonem
578 413 898 474 habeamus
925 463 940 488 ‚
987 428 1200 495 atque,
1240 411 1348 470 hac
1394 411 1737 471 difficultate
1783 433 1876 470 re-

184 516 404 590 soluta,
436 515 576 574 nihil
613 515 860 597 amplius
895 513 1295 573 definiendum
1327 515 1663 595 supererit3
1696 535 1878 594 quum

185 616 404 699 aliquid
447 616 745 699 peculiare
792 617 1129 674 necessario
1177 615 1333 674 adsit
1378 627 1616 696 oportet
1671 615 1727 671 in
1770 635 1877 695 Cy-

183 723 423 792 οῖοῖἰτε,
468 716 626 775 unde
674 716 746 774 ab
795 716 915 774 aliis
967 716 1282 774 ‹reneribus
1332 729 1740 796 cognoscatur.

965 762 1000 798 t>

265 820 375 876 Vix
457 832 700 876 eatenus
765 816 1097 899 repetenda
1163 816 1313 874 mihi
1374 816 1676 875 videretur
1740 828 1881 898 apta

184 919 483 978 distinctio
530 920 687 977 inter
728 923 1066 1001 cyclolitem
1109 931 1170 975 et
1208 916 1543 999 fimgiam,
1588 931 1879 998 quatenus

184 1034 392 1080 auctor
436 1042 636 1078 veram
691 1018 989 1078 docuisset
1054 1017 1344 1078 inferioris
1391 1017 1732 1101 superficiei
1774 1040 1880 1075 na-

183 1135 377 1180 turam
435 1123 496 1179 in
550 1126 860 1203 cyclolite,
924 1120 1081 1194 Quid
1140 1142 1354 1202 reapse
1418 1119 1662 1179 tradidit
1724 1120 1883 1177 circa

182 1220 333 1282 hanc
379 1222 763 1305 superficiem
825 1222 1220 1280 inferiorem?
1281 1220 1394 1279 hoc
1456 1243 1685 1294 unum3
1751 1241 1884 1278 eam

183 1338 314 1382 esse
378 1323 653 1382 scabram
712 1321 773 1381 in
816 1327 1141 1403 cyclolite,
1204 1336 1264 1380 et
1327 1321 1510 1380 lineas
1563 1319 1881 1381 circulares

183 1426 626 1484 concentricas.
681 1425 825 1498 Quis
872 1438 1072 1482 tamen
1119 1437 1295 1506 neget
1339 1412 1549 1482 harum
1592 1422 1885 1481 linearum

185 1524 638 1608 dispositionem
679 1527 740 1583 in
788 1525 1060 1584 omnibus
1084 1525 1333 1606 fungiis
1380 1511 1676 1584 deficere?
1722 1525 1882 1582 Prae-

184 1626 527 1708 quamquod
570 1626 843 1685 scabram
891 1626 1038 1685 hanc
1083 1641 1316 1708 partem
1365 1647 1608 1708 quoque
1653 1646 1782 1684 esse
1819 1626 1882 1684 in

160 1727 406 1808 fungiis
454 1740 747 1786 testantur
787 1725 976 1784 ferme
1025 1747 1228 1785 omnes
1277 1728 1531 1809 species·
1587 1726 1723 1785 Non
1770 1727 1884 1785 erit

184 1849 292 1887 cur
337 1827 412 1885 ad
434 1826 726 1909 fimgiam
769 1827 1255 1910 agariciformem
1275 1876 1294 1905 ,
1342 1827 1416 1886 ad
1437 1827 1733 1909 szmgiczm
1775 1850 1882 1908 cy-

182 1933 445 1988 clolitem
489 1950 886 2010 provocemus
914 1976 932 2005 ,
980 1928 1052 1988 ad
1093 1927 1220 1989 haec
1262 1927 1592 2012 probanda.

248 2014 571 2088 vPraeterea
617 2044 846 2089 certum
893 2043 983 2089 est
1045 2031 1340 2090 internam
1391 2031 1779 2106 cellularum,
1827 2044 1886 2091 et

186 2132 424 2207 centri,
481 2132 885 2213 marginisque
948 2145 1223 2190 naturam
1286 2132 1537 2191 eandem
1584 2154 1714 2192 esse
1761 2146 1886 2191 tum

182 2235 243 2291 in
286 2238 602 2314 cyclolite,
649 2256 716 2291 ac
760 2235 819 2291 in
842 2233 1112 2316 fimgia,
1157 2233 1371 2292 iisdem
1415 2236 1480 2292 in
1509 2234 1666 2294 'locis
1713 2256 1888 2317 repe-

182 2337 328 2411 riri,
392 2337 830 2416 varietatesque
900 2334 1143 2395 easdem
1211 2334 1490 2396 exhibere
1562 2350 1884 2418 utrumque

185 2457 394 2519 genus,
1758 2442 1761 2443 ⁷

266 2539 691 2598 Verumtamen
720 2539 863 2599 licet
889 2553 959 2599 ‘et
992 2539 1421 2622 amplectamur
1456 2538 1718 2599 libenter
1743 2539 1885 2599 Gol-

183 2640 268 2716 dfi
295 2640 669 2722 opinionem,
698 2642 789 2698 cui
825 2639 1067 2722 quidem
1098 2639 1419 2699 deflectere
1454 2642 1631 2698 etiam
1656 2639 1889 2699 videtur

180 2741 311 2822 ipse
357 2743 702 2811 Blainville,
738 2755 936 2799 tamen
982 2743 1190 2823 negari
1234 2764 1355 2801 non
1401 2756 1641 2824 potest,
1690 2755 1749 2800 et
1793 2740 1887 2799 hic

183 2843 542 2901 reviviscere
591 2841 998 2901 difficultatem
1045 2844 1199 2902 inter
1241 2843 1634 2915 tm‘binolias,
1683 2857 1741 2901 et
1784 2865 1887 2900 ca-

180 2942 601 3025 ryfophyllias,
646 2946 724 3003 ita
767 2958 869 3019 ut,
930 2947 1206 3027 sepositis
1255 2945 1558 3028 prioribus
1586 2991 1601 3018 ,
1657 2958 1714 3002 et
1758 2942 1888 3003 haec

184 3047 518 3126 posteriora
583 3068 805 3127 genera
863 3046 1294 3129 sejungantur3
1345 3046 1714 3127 conjunctis,
1761 3045 1888 3106 haec

187 3145 665 3230 conjungantur,
727 3170 857 3230 quae
904 3152 1014 3210 nisi
1062 3173 1092 3206 a
1137 3148 1381 3208 fortuita
1442 3149 1716 3208 libertate
1761 3162 1886 3207 tur-

185 3247 418 3307 binolioe
466 3249 799 3332 penderet,
848 3274 973 3317 nec
1006 3251 1192 3312 adhuc
1240 3251 1498 3312 resoluta
1544 3250 1718 3310 foret.

154 3458 182 3487 0
