<?xml version="1.0" encoding="UTF-8"?>
<!DOCTYPE html PUBLIC "-//W3C//DTD XHTML 1.0 Transitional//EN"
    "http://www.w3.org/TR/xhtml1/DTD/xhtml1-transitional.dtd">
<html xmlns="http://www.w3.org/1999/xhtml" xml:lang="en" lang="en">
 <head>
  <title>
</title>
<meta http-equiv="Content-Type" content="text/html;charset=utf-8" />
  <meta name='ocr-system' content='tesseract 3.04.00' />
  <meta name='ocr-capabilities' content='ocr_page ocr_carea ocr_par ocr_line ocrx_word'/>
</head>
<body>
  <div class='ocr_page' id='page_1' title='image "./specimenzoophyto00mich_0182.png"; bbox 0 0 2324 3631; ppageno 0'>
   <div class='ocr_carea' id='block_1_1' title="bbox 456 194 1557 351">
    <p class='ocr_par' dir='ltr' id='par_1_1' title="bbox 456 194 1557 351">
     <span class='ocr_line' id='line_1_1' title="bbox 456 194 1557 351; baseline -0.002 1"><span class='ocrx_word' id='word_1_1' title='bbox 456 194 570 279; x_wconf 62' lang='lat'><em>174</em></span> <span class='ocrx_word' id='word_1_2' title='bbox 1058 288 1557 351; x_wconf 90' lang='lat' dir='ltr'><strong>OCULINA.</strong></span> 
     </span>
    </p>
   </div>
   <div class='ocr_carea' id='block_1_2' title="bbox 698 512 1897 571">
    <p class='ocr_par' dir='ltr' id='par_1_2' title="bbox 698 512 1897 571">
     <span class='ocr_line' id='line_1_2' title="bbox 698 512 1897 571; baseline -0.003 -16"><span class='ocrx_word' id='word_1_3' title='bbox 698 513 978 556; x_wconf 75' lang='lat' dir='ltr'>LAMARCK</span> <span class='ocrx_word' id='word_1_4' title='bbox 996 540 1015 571; x_wconf 83' lang='lat'>‚</span> <span class='ocrx_word' id='word_1_5' title='bbox 1059 512 1432 553; x_wconf 83' lang='lat' dir='ltr'><strong>LAMOUROUX</strong></span> <span class='ocrx_word' id='word_1_6' title='bbox 1457 539 1476 569; x_wconf 83' lang='lat'><em>,</em></span> <span class='ocrx_word' id='word_1_7' title='bbox 1521 512 1897 553; x_wconf 75' lang='lat' dir='ltr'><em>EnnEMBEnG.</em></span> 
     </span>
    </p>
   </div>
   <div class='ocr_carea' id='block_1_3' title="bbox 447 695 2159 1018">
    <p class='ocr_par' dir='ltr' id='par_1_3' title="bbox 450 695 2159 854">
     <span class='ocr_line' id='line_1_3' title="bbox 450 695 2159 770; baseline -0.001 -21"><span class='ocrx_word' id='word_1_8' title='bbox 450 700 791 770; x_wconf 82' lang='lat' dir='ltr'><em>Polyparium</em></span> <span class='ocrx_word' id='word_1_9' title='bbox 828 696 1116 766; x_wconf 82' lang='lat' dir='ltr'><em>lapideum,</em></span> <span class='ocrx_word' id='word_1_10' title='bbox 1150 699 1326 766; x_wconf 69' lang='lat' dir='ltr'><em>saepius</em></span> <span class='ocrx_word' id='word_1_11' title='bbox 1353 696 1551 766; x_wconf 75' lang='lat' dir='ltr'><em>fixum,</em></span> <span class='ocrx_word' id='word_1_12' title='bbox 1590 714 1879 761; x_wconf 80' lang='lat' dir='ltr'><em>ramosum,</em></span> <span class='ocrx_word' id='word_1_13' title='bbox 1916 695 2159 748; x_wconf 85' lang='lat' dir='ltr'><em>dendroi-</em></span> 
     </span>
     <span class='ocr_line' id='line_1_4' title="bbox 508 786 2137 854; baseline -0.004 -14"><span class='ocrx_word' id='word_1_14' title='bbox 508 791 658 840; x_wconf 84' lang='lat' dir='ltr'><em>deum</em></span> <span class='ocrx_word' id='word_1_15' title='bbox 680 810 701 845; x_wconf 88' lang='lat'><em>;</em></span> <span class='ocrx_word' id='word_1_16' title='bbox 738 787 953 836; x_wconf 84' lang='lat' dir='ltr'><em>ramulis</em></span> <span class='ocrx_word' id='word_1_17' title='bbox 989 786 1176 834; x_wconf 76' lang='lat' dir='ltr'><em>levibus</em></span> <span class='ocrx_word' id='word_1_18' title='bbox 1200 825 1214 851; x_wconf 92' lang='lat'><em>,</em></span> <span class='ocrx_word' id='word_1_19' title='bbox 1250 788 1439 854; x_wconf 80' lang='lat' dir='ltr'><em>sparsis</em></span> <span class='ocrx_word' id='word_1_20' title='bbox 1459 825 1472 851; x_wconf 89' lang='lat'><em>,</em></span> <span class='ocrx_word' id='word_1_21' title='bbox 1498 787 1786 854; x_wconf 78' lang='lat' dir='ltr'><em>plerisque,</em></span> <span class='ocrx_word' id='word_1_22' title='bbox 1824 786 2137 836; x_wconf 78' lang='lat' dir='ltr'><em>brevissimis.</em></span> 
     </span>
    </p>

    <p class='ocr_par' dir='ltr' id='par_1_4' title="bbox 447 874 2153 1018">
     <span class='ocr_line' id='line_1_5' title="bbox 447 874 2153 943; baseline -0.005 -13"><span class='ocrx_word' id='word_1_23' title='bbox 447 879 614 931; x_wconf 79' lang='lat' dir='ltr'><em>Stellae</em></span> <span class='ocrx_word' id='word_1_24' title='bbox 648 878 766 926; x_wconf 78' lang='lat' dir='ltr'><em>aliae</em></span> <span class='ocrx_word' id='word_1_25' title='bbox 802 874 1124 939; x_wconf 79' lang='lat' dir='ltr'><em>terminales,</em></span> <span class='ocrx_word' id='word_1_26' title='bbox 1166 875 1287 922; x_wconf 87' lang='lat' dir='ltr'><em>alioe</em></span> <span class='ocrx_word' id='word_1_27' title='bbox 1344 875 1620 938; x_wconf 76' lang='lat' dir='ltr'><em>laterales,</em></span> <span class='ocrx_word' id='word_1_28' title='bbox 1665 891 1766 924; x_wconf 87' lang='lat' dir='ltr'><em>non</em></span> <span class='ocrx_word' id='word_1_29' title='bbox 1810 874 2153 943; x_wconf 84' lang='lat' dir='ltr'><em>prominuloe,</em></span> 
     </span>
     <span class='ocr_line' id='line_1_6' title="bbox 508 963 1290 1018; baseline -0.012 1"><span class='ocrx_word' id='word_1_30' title='bbox 508 982 774 1018; x_wconf 82' lang='lat' dir='ltr'><em>ramorum</em></span> <span class='ocrx_word' id='word_1_31' title='bbox 800 964 979 1014; x_wconf 81' lang='lat' dir='ltr'><em>centris</em></span> <span class='ocrx_word' id='word_1_32' title='bbox 1016 963 1290 1012; x_wconf 75' lang='lat' dir='ltr'><em>excavatis.</em></span> 
     </span>
    </p>
   </div>
   <div class='ocr_carea' id='block_1_4' title="bbox 357 1105 2165 3133">
    <p class='ocr_par' dir='ltr' id='par_1_5' title="bbox 357 1105 2165 3133">
     <span class='ocr_line' id='line_1_7' title="bbox 531 1105 2165 1190; baseline -0.003 -18"><span class='ocrx_word' id='word_1_33' title='bbox 531 1112 815 1188; x_wconf 85' lang='lat' dir='ltr'><em>Quamvis</em></span> <span class='ocrx_word' id='word_1_34' title='bbox 845 1109 1154 1170; x_wconf 74' lang='lat' dir='ltr'><em>Lamarcl:</em></span> <span class='ocrx_word' id='word_1_35' title='bbox 1195 1105 1420 1167; x_wconf 85' lang='lat' dir='ltr'><em>referat</em></span> <span class='ocrx_word' id='word_1_36' title='bbox 1462 1108 1867 1190; x_wconf 80' lang='lat' dir='ltr'><em>maximopere</em></span> <span class='ocrx_word' id='word_1_37' title='bbox 1904 1108 2060 1166; x_wconf 86' lang='lat' dir='ltr'><em>inter</em></span> <span class='ocrx_word' id='word_1_38' title='bbox 2098 1126 2165 1167; x_wconf 82' lang='lat' dir='ltr'><em>se</em></span> 
     </span>
     <span class='ocr_line' id='line_1_8' title="bbox 447 1211 2164 1295; baseline -0.005 -17"><span class='ocrx_word' id='word_1_39' title='bbox 447 1217 770 1278; x_wconf 80' lang='lat' dir='ltr'><em>convenire</em></span> <span class='ocrx_word' id='word_1_40' title='bbox 795 1211 1255 1295; x_wconf 76' lang='lat' dir='ltr'><em>caryoplzyllias</em></span> <span class='ocrx_word' id='word_1_41' title='bbox 1287 1224 1347 1270; x_wconf 81' lang='lat' dir='ltr'><em>et</em></span> <span class='ocrx_word' id='word_1_42' title='bbox 1389 1215 1696 1286; x_wconf 71' lang='lat' dir='ltr'><em>oeulina53</em></span> <span class='ocrx_word' id='word_1_43' title='bbox 1729 1224 1848 1268; x_wconf 83' lang='lat' dir='ltr'><em>tam</em></span> <span class='ocrx_word' id='word_1_44' title='bbox 1894 1232 2030 1269; x_wconf 91' lang='lat' dir='ltr'><em>cum</em></span> <span class='ocrx_word' id='word_1_45' title='bbox 2054 1231 2164 1293; x_wconf 83' lang='lat' dir='ltr'><em>po-</em></span> 
     </span>
     <span class='ocr_line' id='line_1_9' title="bbox 446 1310 2160 1397; baseline -0.006 -16"><span class='ocrx_word' id='word_1_46' title='bbox 446 1319 686 1391; x_wconf 55' lang='lat' dir='ltr'><em>ritibus)</em></span> <span class='ocrx_word' id='word_1_47' title='bbox 708 1335 962 1397; x_wconf 87' lang='lat' dir='ltr'><em>cumque</em></span> <span class='ocrx_word' id='word_1_48' title='bbox 986 1316 1397 1394; x_wconf 79' lang='lat' dir='ltr'><em>seryatoporis</em></span> <span class='ocrx_word' id='word_1_49' title='bbox 1435 1311 1683 1394; x_wconf 86' lang='lat' dir='ltr'><em>aliisque</em></span> <span class='ocrx_word' id='word_1_50' title='bbox 1721 1310 1888 1395; x_wconf 84' lang='lat' dir='ltr'><em>hujus</em></span> <span class='ocrx_word' id='word_1_51' title='bbox 1920 1312 2160 1395; x_wconf 82' lang='lat' dir='ltr'><em>generis</em></span> 
     </span>
     <span class='ocr_line' id='line_1_10' title="bbox 445 1412 2161 1503; baseline -0.007 -20"><span class='ocrx_word' id='word_1_52' title='bbox 445 1423 636 1503; x_wconf 81' lang='lat' dir='ltr'><em>magis</em></span> <span class='ocrx_word' id='word_1_53' title='bbox 683 1416 1026 1500; x_wconf 83' lang='lat' dir='ltr'><em>conjunctas</em></span> <span class='ocrx_word' id='word_1_54' title='bbox 1075 1433 1207 1475; x_wconf 84' lang='lat' dir='ltr'><em>esse</em></span> <span class='ocrx_word' id='word_1_55' title='bbox 1251 1419 1559 1491; x_wconf 78' lang='lat' dir='ltr'><em>oculinas,</em></span> <span class='ocrx_word' id='word_1_56' title='bbox 1588 1436 1765 1473; x_wconf 90' lang='lat' dir='ltr'><em>nemo</em></span> <span class='ocrx_word' id='word_1_57' title='bbox 1811 1435 1930 1472; x_wconf 87' lang='lat' dir='ltr'><em>non</em></span> <span class='ocrx_word' id='word_1_58' title='bbox 1973 1412 2161 1489; x_wconf 85' lang='lat' dir='ltr'><em>videt;</em></span> 
     </span>
     <span class='ocr_line' id='line_1_11' title="bbox 357 1517 2163 1599; baseline -0.006 -15"><span class='ocrx_word' id='word_1_59' title='bbox 357 1579 362 1583; x_wconf 87' lang='grc'><em>,</em></span> <span class='ocrx_word' id='word_1_60' title='bbox 446 1547 587 1584; x_wconf 87' lang='lat' dir='ltr'><em>nam</em></span> <span class='ocrx_word' id='word_1_61' title='bbox 627 1542 751 1581; x_wconf 90' lang='lat' dir='ltr'><em>non</em></span> <span class='ocrx_word' id='word_1_62' title='bbox 795 1518 909 1579; x_wconf 87' lang='lat' dir='ltr'><em>hoc</em></span> <span class='ocrx_word' id='word_1_63' title='bbox 953 1540 1137 1578; x_wconf 89' lang='lat' dir='ltr'><em>unum</em></span> <span class='ocrx_word' id='word_1_64' title='bbox 1181 1518 1536 1599; x_wconf 77' lang='lat' dir='ltr'><em>respicimus</em></span> <span class='ocrx_word' id='word_1_65' title='bbox 1581 1517 1642 1574; x_wconf 90' lang='lat' dir='ltr'><em>in</em></span> <span class='ocrx_word' id='word_1_66' title='bbox 1688 1519 1972 1592; x_wconf 78' lang='lat' dir='ltr'><em>oczilina,</em></span> <span class='ocrx_word' id='word_1_67' title='bbox 2018 1537 2163 1573; x_wconf 88' lang='lat' dir='ltr'><em>num</em></span> 
     </span>
     <span class='ocr_line' id='line_1_12' title="bbox 443 1616 2160 1701; baseline -0.006 -14"><span class='ocrx_word' id='word_1_68' title='bbox 443 1625 664 1687; x_wconf 82' lang='lat' dir='ltr'><em>habeat</em></span> <span class='ocrx_word' id='word_1_69' title='bbox 693 1621 925 1683; x_wconf 85' lang='lat' dir='ltr'><em>stellam</em></span> <span class='ocrx_word' id='word_1_70' title='bbox 962 1618 1364 1697; x_wconf 75' lang='lat' dir='ltr'><em>terminalem,</em></span> <span class='ocrx_word' id='word_1_71' title='bbox 1411 1616 1922 1701; x_wconf 83' lang='lat' dir='ltr'><em>quemadmodum</em></span> <span class='ocrx_word' id='word_1_72' title='bbox 1966 1617 2028 1676; x_wconf 89' lang='lat' dir='ltr'><em>in</em></span> <span class='ocrx_word' id='word_1_73' title='bbox 2058 1639 2160 1677; x_wconf 82' lang='lat' dir='ltr'><em>ca-</em></span> 
     </span>
     <span class='ocr_line' id='line_1_13' title="bbox 439 1720 2161 1812; baseline -0.006 -22"><span class='ocrx_word' id='word_1_74' title='bbox 439 1723 855 1812; x_wconf 78' lang='lat' dir='ltr'><em>ryoplzylliis?</em></span> <span class='ocrx_word' id='word_1_75' title='bbox 913 1722 1022 1784; x_wconf 89' lang='lat' dir='ltr'><em>sed</em></span> <span class='ocrx_word' id='word_1_76' title='bbox 1066 1724 1315 1805; x_wconf 80' lang='lat' dir='ltr'><em>insuper</em></span> <span class='ocrx_word' id='word_1_77' title='bbox 1359 1735 1636 1781; x_wconf 86' lang='lat' dir='ltr'><em>notamus</em></span> <span class='ocrx_word' id='word_1_78' title='bbox 1701 1720 1901 1780; x_wconf 86' lang='lat' dir='ltr'><em>stellas</em></span> <span class='ocrx_word' id='word_1_79' title='bbox 1931 1768 1949 1797; x_wconf 85' lang='lat'><em>,</em></span> <span class='ocrx_word' id='word_1_80' title='bbox 2013 1741 2161 1803; x_wconf 88' lang='lat' dir='ltr'><em>quas</em></span> 
     </span>
     <span class='ocr_line' id='line_1_14' title="bbox 447 1823 2163 1912; baseline -0.006 -21"><span class='ocrx_word' id='word_1_81' title='bbox 447 1829 851 1912; x_wconf 85' lang='lat' dir='ltr'><em>conspicimus</em></span> <span class='ocrx_word' id='word_1_82' title='bbox 880 1826 938 1884; x_wconf 89' lang='lat' dir='ltr'><em>in</em></span> <span class='ocrx_word' id='word_1_83' title='bbox 962 1823 1400 1906; x_wconf 79' lang='lat' dir='ltr'><em>caryoplzylliis</em></span> <span class='ocrx_word' id='word_1_84' title='bbox 1446 1836 1638 1882; x_wconf 86' lang='lat' dir='ltr'><em>totum</em></span> <span class='ocrx_word' id='word_1_85' title='bbox 1683 1843 1878 1897; x_wconf 80' lang='lat' dir='ltr'><em>axem,</em></span> <span class='ocrx_word' id='word_1_86' title='bbox 1904 1844 2163 1880; x_wconf 89' lang='lat' dir='ltr'><em>ramum-</em></span> 
     </span>
     <span class='ocr_line' id='line_1_15' title="bbox 447 1923 2159 2016; baseline -0.005 -24"><span class='ocrx_word' id='word_1_87' title='bbox 447 1953 566 2016; x_wconf 88' lang='lat' dir='ltr'><em>que</em></span> <span class='ocrx_word' id='word_1_88' title='bbox 612 1949 928 2011; x_wconf 73' lang='lat' dir='ltr'><em>occupare.</em></span> <span class='ocrx_word' id='word_1_89' title='bbox 972 1928 1279 1986; x_wconf 85' lang='lat' dir='ltr'><em>Praeterea</em></span> <span class='ocrx_word' id='word_1_90' title='bbox 1339 1923 1938 1985; x_wconf 85' lang='lat' dir='ltr'><em>animadvertendum</em></span> <span class='ocrx_word' id='word_1_91' title='bbox 1970 1973 1986 2000; x_wconf 84' lang='lat'><em>,</em></span> <span class='ocrx_word' id='word_1_92' title='bbox 2043 1923 2159 1984; x_wconf 90' lang='lat' dir='ltr'><em>hoc</em></span> 
     </span>
     <span class='ocr_line' id='line_1_16' title="bbox 440 2025 2156 2115; baseline -0.005 -20"><span class='ocrx_word' id='word_1_93' title='bbox 440 2029 871 2115; x_wconf 61' lang='lat' dir='ltr'><em>catjyoplzylliis</em></span> <span class='ocrx_word' id='word_1_94' title='bbox 904 2028 1260 2101; x_wconf 84' lang='lat' dir='ltr'><em>convenire,</em></span> <span class='ocrx_word' id='word_1_95' title='bbox 1292 2025 1459 2108; x_wconf 87' lang='lat' dir='ltr'><em>quod</em></span> <span class='ocrx_word' id='word_1_96' title='bbox 1495 2026 1640 2086; x_wconf 86' lang='lat' dir='ltr'><em>sulci</em></span> <span class='ocrx_word' id='word_1_97' title='bbox 1684 2025 2156 2109; x_wconf 81' lang='lat' dir='ltr'><em>longitudinales</em></span> 
     </span>
     <span class='ocr_line' id='line_1_17' title="bbox 446 2126 2160 2218; baseline -0.006 -22"><span class='ocrx_word' id='word_1_98' title='bbox 446 2134 919 2218; x_wconf 83' lang='lat' dir='ltr'><em>conspiciamus,</em></span> <span class='ocrx_word' id='word_1_99' title='bbox 950 2143 1137 2190; x_wconf 84' lang='lat' dir='ltr'><em>totam</em></span> <span class='ocrx_word' id='word_1_100' title='bbox 1169 2126 1552 2211; x_wconf 88' lang='lat' dir='ltr'><em>superficiem</em></span> <span class='ocrx_word' id='word_1_101' title='bbox 1586 2142 1924 2205; x_wconf 78' lang='lat' dir='ltr'><em>exaranteS,</em></span> <span class='ocrx_word' id='word_1_102' title='bbox 1950 2150 2160 2187; x_wconf 89' lang='lat' dir='ltr'><em>unum-</em></span> 
     </span>
     <span class='ocr_line' id='line_1_18' title="bbox 447 2228 2161 2320; baseline -0.003 -24"><span class='ocrx_word' id='word_1_103' title='bbox 447 2259 567 2320; x_wconf 86' lang='lat' dir='ltr'><em>que</em></span> <span class='ocrx_word' id='word_1_104' title='bbox 632 2249 904 2294; x_wconf 81' lang='lat' dir='ltr'><em>centrum</em></span> <span class='ocrx_word' id='word_1_105' title='bbox 951 2251 1383 2315; x_wconf 77' lang='lat' dir='ltr'><em>cognoscamus</em></span> <span class='ocrx_word' id='word_1_106' title='bbox 1430 2231 1491 2287; x_wconf 88' lang='lat' dir='ltr'><em>in</em></span> <span class='ocrx_word' id='word_1_107' title='bbox 1537 2228 1747 2289; x_wconf 88' lang='lat' dir='ltr'><em>eadem</em></span> <span class='ocrx_word' id='word_1_108' title='bbox 1778 2278 1797 2308; x_wconf 84' lang='lat'><em>,</em></span> <span class='ocrx_word' id='word_1_109' title='bbox 1862 2228 2026 2313; x_wconf 90' lang='lat' dir='ltr'><em>quod</em></span> <span class='ocrx_word' id='word_1_110' title='bbox 2072 2244 2161 2291; x_wconf 86' lang='lat' dir='ltr'><em>tot</em></span> 
     </span>
     <span class='ocr_line' id='line_1_19' title="bbox 444 2331 2157 2416; baseline -0.005 -17"><span class='ocrx_word' id='word_1_111' title='bbox 444 2359 749 2400; x_wconf 88' lang='lat' dir='ltr'><em>ramorum</em></span> <span class='ocrx_word' id='word_1_112' title='bbox 795 2335 1013 2395; x_wconf 90' lang='lat' dir='ltr'><em>seriem</em></span> <span class='ocrx_word' id='word_1_113' title='bbox 1070 2334 1339 2416; x_wconf 79' lang='lat' dir='ltr'><em>regerit,</em></span> <span class='ocrx_word' id='word_1_114' title='bbox 1386 2345 1566 2415; x_wconf 87' lang='lat' dir='ltr'><em>atque</em></span> <span class='ocrx_word' id='word_1_115' title='bbox 1614 2334 1885 2392; x_wconf 83' lang='lat' dir='ltr'><em>sustinet.</em></span> <span class='ocrx_word' id='word_1_116' title='bbox 1935 2331 2157 2391; x_wconf 86' lang='lat' dir='ltr'><em>Videa-</em></span> 
     </span>
     <span class='ocr_line' id='line_1_20' title="bbox 444 2434 2159 2519; baseline -0.003 -18"><span class='ocrx_word' id='word_1_117' title='bbox 444 2462 577 2501; x_wconf 89' lang='lat' dir='ltr'><em>mus</em></span> <span class='ocrx_word' id='word_1_118' title='bbox 621 2437 850 2515; x_wconf 87' lang='lat' dir='ltr'><em>mod0,</em></span> <span class='ocrx_word' id='word_1_119' title='bbox 915 2435 1129 2519; x_wconf 87' lang='lat' dir='ltr'><em>quibus</em></span> <span class='ocrx_word' id='word_1_120' title='bbox 1189 2437 1344 2495; x_wconf 85' lang='lat' dir='ltr'><em>notis</em></span> <span class='ocrx_word' id='word_1_121' title='bbox 1412 2434 1762 2518; x_wconf 77' lang='lat' dir='ltr'><em>sejungatur</em></span> <span class='ocrx_word' id='word_1_122' title='bbox 1815 2440 2061 2495; x_wconf 77' lang='lat' dir='ltr'><em>oczclina</em></span> <span class='ocrx_word' id='word_1_123' title='bbox 2126 2459 2159 2495; x_wconf 87' lang='lat' dir='ltr'><em>a</em></span> 
     </span>
     <span class='ocr_line' id='line_1_21' title="bbox 435 2537 2157 2627; baseline -0.003 -24"><span class='ocrx_word' id='word_1_124' title='bbox 435 2548 681 2627; x_wconf 77' lang='lat' dir='ltr'><em>perite,</em></span> <span class='ocrx_word' id='word_1_125' title='bbox 727 2554 907 2623; x_wconf 82' lang='lat' dir='ltr'><em>atque</em></span> <span class='ocrx_word' id='word_1_126' title='bbox 953 2538 1027 2598; x_wconf 87' lang='lat' dir='ltr'><em>ab</em></span> <span class='ocrx_word' id='word_1_127' title='bbox 1077 2538 1201 2598; x_wconf 90' lang='lat' dir='ltr'><em>aliis</em></span> <span class='ocrx_word' id='word_1_128' title='bbox 1251 2537 1593 2619; x_wconf 81' lang='lat' dir='ltr'><em>generibus.</em></span> <span class='ocrx_word' id='word_1_129' title='bbox 1641 2540 1905 2598; x_wconf 83' lang='lat' dir='ltr'><em>Primum</em></span> <span class='ocrx_word' id='word_1_130' title='bbox 1955 2538 2157 2599; x_wconf 87' lang='lat' dir='ltr'><em>distin-</em></span> 
     </span>
     <span class='ocr_line' id='line_1_22' title="bbox 447 2639 2156 2725; baseline -0.003 -20"><span class='ocrx_word' id='word_1_131' title='bbox 447 2659 610 2706; x_wconf 85' lang='lat' dir='ltr'><em>ctum</em></span> <span class='ocrx_word' id='word_1_132' title='bbox 655 2655 1072 2725; x_wconf 78' lang='lat' dir='ltr'><em>argumentum</em></span> <span class='ocrx_word' id='word_1_133' title='bbox 1115 2639 1403 2700; x_wconf 87' lang='lat' dir='ltr'><em>habemus</em></span> <span class='ocrx_word' id='word_1_134' title='bbox 1473 2641 1536 2698; x_wconf 88' lang='lat' dir='ltr'><em>in</em></span> <span class='ocrx_word' id='word_1_135' title='bbox 1582 2661 1653 2699; x_wconf 92' lang='lat' dir='ltr'><em>eo</em></span> <span class='ocrx_word' id='word_1_136' title='bbox 1701 2641 1864 2724; x_wconf 86' lang='lat' dir='ltr'><em>quod</em></span> <span class='ocrx_word' id='word_1_137' title='bbox 1909 2646 2156 2702; x_wconf 70' lang='lat' dir='ltr'><em>oeulina</em></span> 
     </span>
     <span class='ocr_line' id='line_1_23' title="bbox 446 2741 2154 2829; baseline -0.004 -22"><span class='ocrx_word' id='word_1_138' title='bbox 446 2766 689 2829; x_wconf 87' lang='lat' dir='ltr'><em>semper</em></span> <span class='ocrx_word' id='word_1_139' title='bbox 734 2764 969 2804; x_wconf 88' lang='lat' dir='ltr'><em>ramosa</em></span> <span class='ocrx_word' id='word_1_140' title='bbox 1015 2756 1144 2819; x_wconf 77' lang='lat' dir='ltr'><em>est3</em></span> <span class='ocrx_word' id='word_1_141' title='bbox 1191 2745 1308 2802; x_wconf 88' lang='lat' dir='ltr'><em>imo</em></span> <span class='ocrx_word' id='word_1_142' title='bbox 1355 2743 1419 2801; x_wconf 88' lang='lat' dir='ltr'><em>in</em></span> <span class='ocrx_word' id='word_1_143' title='bbox 1463 2741 1768 2825; x_wconf 86' lang='lat' dir='ltr'><em>plerisque</em></span> <span class='ocrx_word' id='word_1_144' title='bbox 1814 2743 2154 2802; x_wconf 86' lang='lat' dir='ltr'><em>ramosissi-</em></span> 
     </span>
     <span class='ocr_line' id='line_1_24' title="bbox 444 2844 2155 2929; baseline -0.002 -20"><span class='ocrx_word' id='word_1_145' title='bbox 444 2871 577 2908; x_wconf 89' lang='lat' dir='ltr'><em>ma:</em></span> <span class='ocrx_word' id='word_1_146' title='bbox 626 2845 843 2906; x_wconf 86' lang='lat' dir='ltr'><em>deinde</em></span> <span class='ocrx_word' id='word_1_147' title='bbox 898 2845 1085 2906; x_wconf 82' lang='lat' dir='ltr'><em>stellae</em></span> <span class='ocrx_word' id='word_1_148' title='bbox 1144 2846 1292 2929; x_wconf 86' lang='lat' dir='ltr'><em>ipsae</em></span> <span class='ocrx_word' id='word_1_149' title='bbox 1359 2867 1496 2904; x_wconf 91' lang='lat' dir='ltr'><em>raro</em></span> <span class='ocrx_word' id='word_1_150' title='bbox 1551 2859 1687 2904; x_wconf 88' lang='lat' dir='ltr'><em>sunt</em></span> <span class='ocrx_word' id='word_1_151' title='bbox 1750 2844 2103 2928; x_wconf 82' lang='lat' dir='ltr'><em>prominulae</em></span> <span class='ocrx_word' id='word_1_152' title='bbox 2136 2894 2155 2923; x_wconf 84' lang='lat'><em>,</em></span> 
     </span>
     <span class='ocr_line' id='line_1_25' title="bbox 443 2946 2155 3032; baseline -0.001 -23"><span class='ocrx_word' id='word_1_153' title='bbox 443 2971 772 3032; x_wconf 83' lang='lat' dir='ltr'><em>numquam</em></span> <span class='ocrx_word' id='word_1_154' title='bbox 808 2949 869 3006; x_wconf 91' lang='lat' dir='ltr'><em>in</em></span> <span class='ocrx_word' id='word_1_155' title='bbox 904 2949 1123 3008; x_wconf 87' lang='lat' dir='ltr'><em>seriem</em></span> <span class='ocrx_word' id='word_1_156' title='bbox 1162 2947 1504 3030; x_wconf 80' lang='lat' dir='ltr'><em>dispositae,</em></span> <span class='ocrx_word' id='word_1_157' title='bbox 1552 2946 2056 3028; x_wconf 85' lang='lat' dir='ltr'><em>quemadmodum</em></span> <span class='ocrx_word' id='word_1_158' title='bbox 2095 2950 2155 3007; x_wconf 89' lang='lat' dir='ltr'><em>in</em></span> 
     </span>
     <span class='ocr_line' id='line_1_26' title="bbox 444 3050 2154 3133; baseline -0.001 -22"><span class='ocrx_word' id='word_1_159' title='bbox 444 3056 754 3133; x_wconf 80' lang='lat' dir='ltr'><em>millepora</em></span> <span class='ocrx_word' id='word_1_160' title='bbox 795 3055 1018 3109; x_wconf 77' lang='lat' dir='ltr'><em>lineata</em></span> <span class='ocrx_word' id='word_1_161' title='bbox 1050 3050 1188 3131; x_wconf 82' lang='lat'><em>(1),</em></span> <span class='ocrx_word' id='word_1_162' title='bbox 1236 3052 1297 3109; x_wconf 90' lang='lat' dir='ltr'><em>in</em></span> <span class='ocrx_word' id='word_1_163' title='bbox 1341 3055 1666 3132; x_wconf 76' lang='lat' dir='ltr'><em>cricopora</em></span> <span class='ocrx_word' id='word_1_164' title='bbox 1713 3056 2004 3111; x_wconf 64' lang='lat' dir='ltr'><em>immolata</em></span> <span class='ocrx_word' id='word_1_165' title='bbox 2040 3052 2154 3132; x_wconf 83' lang='lat'><em>(2),</em></span> 
     </span>
    </p>
   </div>
   <div class='ocr_carea' id='block_1_5' title="bbox 458 3202 1506 3335">
    <p class='ocr_par' dir='ltr' id='par_1_6' title="bbox 458 3202 1506 3335">
     <span class='ocr_line' id='line_1_27' title="bbox 459 3202 1386 3260; baseline 0 -15"><span class='ocrx_word' id='word_1_166' title='bbox 459 3202 530 3260; x_wconf 85' lang='lat'><em>(1)</em></span> <span class='ocrx_word' id='word_1_167' title='bbox 559 3204 716 3260; x_wconf 81' lang='lat' dir='ltr'><em>Esper.</em></span> <span class='ocrx_word' id='word_1_168' title='bbox 749 3203 913 3259; x_wconf 87' lang='lat' dir='ltr'><em>Zooph.</em></span> <span class='ocrx_word' id='word_1_169' title='bbox 947 3205 1092 3260; x_wconf 80' lang='lat' dir='ltr'><em>Suppl.</em></span> <span class='ocrx_word' id='word_1_170' title='bbox 1133 3218 1167 3245; x_wconf 87' lang='lat'><em>1.</em></span> <span class='ocrx_word' id='word_1_171' title='bbox 1203 3205 1286 3244; x_wconf 77' lang='lat' dir='ltr'><em>tab.</em></span> <span class='ocrx_word' id='word_1_172' title='bbox 1328 3219 1386 3259; x_wconf 85' lang='lat'><em>¹9·</em></span> 
     </span>
     <span class='ocr_line' id='line_1_28' title="bbox 458 3276 1506 3335; baseline -0.002 -16"><span class='ocrx_word' id='word_1_173' title='bbox 458 3276 528 3334; x_wconf 77' lang='lat'><em>(2)</em></span> <span class='ocrx_word' id='word_1_174' title='bbox 558 3278 807 3320; x_wconf 69' lang='lat' dir='ltr'><em>Blainuille.</em></span> <span class='ocrx_word' id='word_1_175' title='bbox 842 3277 1034 3321; x_wconf 83' lang='lat' dir='ltr'><em>Manucl.</em></span> <span class='ocrx_word' id='word_1_176' title='bbox 1070 3278 1247 3320; x_wconf 81' lang='lat' dir='ltr'><em>d&#39;actin.</em></span> <span class='ocrx_word' id='word_1_177' title='bbox 1280 3293 1377 3335; x_wconf 75' lang='lat' dir='ltr'><em>pag.</em></span> <span class='ocrx_word' id='word_1_178' title='bbox 1415 3277 1506 3332; x_wconf 67' lang='lat'><strong>4¹21.</strong></span> 
     </span>
    </p>
   </div>
  </div>
 </body>
</html>
