2324 3631
395 220 470 279 32

471 317 683 394 Quoad
729 338 922 392 axem,
968 314 1290 376 discrimen
1336 315 1507 398 ponit
1569 315 1875 375 Lamarck
1939 316 2098 376 inter

370 424 755 503 gorgoniam,
787 433 966 500 atque
995 415 1384 500 antipathem,
1426 416 1588 499 quod
1626 416 1756 476 liaec
1797 418 1872 477 sit
1907 420 2093 500 magis

384 526 695 597 continua,
753 524 1119 601 vitreamque
1164 518 1482 578 fracturam
1530 518 1836 593 exhibeat,
1888 535 2095 578 contra

385 626 445 682 in
483 630 809 704 gorgonia,
858 621 1021 704 quod
1065 620 1231 702 hujus
1275 643 1384 678 nec
1415 620 1563 679 adeo
1596 621 1784 680 solida
1824 626 2090 699 materia,

384 742 561 808 atque
595 725 751 782 illam
789 725 1035 781 vitream
1080 723 1463 804 partitionem
1501 744 1618 780 non
1659 724 1955 798 ostendat,
1980 724 2093 783 sed

382 829 629 909 insuper
674 823 1074 906 adjiciendum
1122 838 1229 896 est,
1278 825 1334 881 in
1375 826 1458 881 axi
1493 839 1763 882 centrum
1782 829 2095 906 gorgonioe

384 927 849 1009 haudquaquam
883 928 945 983 in
974 925 1172 983 medio
1207 946 1360 1001 esse,
1387 924 1887 1006 quemadmodum
1917 944 2006 985 est
2037 928 2098 984 in

379 1028 710 1111 antzpathe,
759 1030 821 1085 in
857 1031 1151 1102 εοναῖἰίο,
1200 1029 1259 1085 in
1295 1028 1477 1097 iside,
1510 1025 1616 1085 sed
1646 1025 1737 1085 vel
1769 1027 1843 1085 ad
1875 1050 2092 1104 unum,

379 1131 470 1190 vel
496 1130 570 1189 ad
596 1129 751 1188 aliud
797 1129 948 1188 latus
986 1130 1238 1187 vertitur
1303 1129 1462 1186 Hinc
1505 1142 1689 1186 strata
1734 1150 1867 1209 quae
1910 1128 2093 1187 confi-

379 1236 543 1293 ciunt
582 1231 954 1314 polyparium
1000 1229 1458 1311 haudquaquam
1509 1228 1824 1287 rotundata
1850 1278 1866 1306 ,
1907 1228 2092 1295 hande

384 1357 682 1417 quaquam
715 1332 1117 1413 cylindracea:
1150 1345 1441 1415 praeterea
1482 1329 1578 1390 hie
1603 1334 1718 1389 axis
1753 1334 1809 1388 in
1840 1330 2094 1390 nonnul-

378 1435 450 1496 lis
491 1434 808 1518 speciebus
855 1456 980 1493 non
1019 1435 1297 1492 continua
1345 1435 1589 1491 materia
1637 1432 1941 1515 repletur,
1989 1431 2098 1491 sed

384 1541 699 1617 infflcentro
747 1557 962 1594 vacuus
1009 1536 1348 1616 reperitur,
1397 1547 1605 1591 contra
1652 1557 1720 1591 ac
1766 1555 1829 1592 se
1876 1532 2094 1593 habeat

383 1641 445 1698 in
487 1636 804 1720 arztipatlze
833 1685 854 1709 ,
900 1639 956 1694 in
1002 1640 1272 1695 corallio.
1320 1636 1559 1717 Spinae,
1601 1656 1736 1717 quae
1778 1634 1991 1694 adsunt
2031 1637 2094 1694 in

383 1740 695 1822 antipatlze
743 1737 1028 1797 deficiunt
1082 1739 1138 1795 in
1190 1741 1528 1817 gorgonia,
1579 1758 1884 1796 ramorum
1938 1737 2092 1797 serie

390 1840 603 1901 eadem
649 1862 767 1899 non
815 1853 906 1898 est
952 1841 1014 1896 in
1057 1853 1315 1920 utroque
1363 1858 1604 1920 genere.

465 1943 793 2024 Gorgoniae
842 1943 1091 2023 insuper
1136 1939 1449 2023 proprium
1474 1952 1584 2015 est,
1621 1953 1686 1997 ut
1714 1938 1966 2022 polypos
1992 1959 2088 1998 re·

375 2046 560 2127 cipiat
605 2042 829 2104 similes
876 2045 943 2101 iis
968 2089 985 2117 ,
1011 2042 1109 2125 qui
1147 2043 1209 2099 in
1244 2045 1514 2100 corallc'is
1555 2039 1808 2114 adsunt,
1842 2041 2091 2125 polypos

379 2162 576 2206 autem
622 2144 987 2228 antipathiS,
1032 2143 1125 2203 vel
1171 2164 1239 2202 ex
1276 2143 1624 2202 cellularum
1663 2143 2095 2225 dispositione,

380 2263 560 2330 atque
607 2249 825 2330 prioris
873 2247 1200 2328 tegumenti
1247 2266 1347 2304 axe
1393 2244 1505 2304 alio
1553 2244 1732 2304 modo
1773 2266 1834 2304 se
1875 2266 1936 2304 se
1986 2243 2092 2302 ha-

382 2349 553 2427 bere,
597 2348 688 2407 vel
734 2347 943 2408 saltem
992 2346 1314 2432 dispositos
1361 2369 1517 2426 esse,
1562 2348 1751 2430 ipsius
1797 2346 2094 2430 polyparii

383 2453 756 2534 investigatio
803 2449 1084 2510 declarat.

460 2557 626 2613 Dum
670 2567 866 2612 autem
906 2555 965 2610 in
998 2556 1313 2632 gorgonia?
1350 2572 1572 2634 genere
1610 2572 1947 2628 versamur,
1987 2549 2092 2611 abs

379 2676 446 2713 re
489 2676 606 2712 non
653 2655 765 2713 erit
809 2655 999 2712 varias
1048 2654 1361 2736 opiniones
1409 2655 1566 2712 circa
1624 2651 1889 2735 ejusdem
1946 2651 2091 2710 divi-

383 2756 612 2815 sionem
657 2753 1058 2837 perpendere,
1103 2769 1188 2832 ut,
1234 2756 1307 2813 iis
1355 2756 1692 2838 perpensi5‚
1740 2776 1873 2835 quae
1915 2755 2097 2813 tutior

382 2859 479 2933 sit,
523 2855 750 2916 facilius
799 2878 1092 2939 apparere
1139 2871 1199 2916 et
1244 2856 1520 2939 amplecti
1566 2856 1886 2938 possimuS.

463 2957 720 3018 Putabat
746 2958 1052 3042 Desranc‘e
1077 2959 1171 3038 (1)
1199 2957 1341 3017 duas
1376 2959 1706 3016 consistere
1737 2977 1918 3040 posse
1943 2978 2090 3037 gor-

397 3063 594 3139 gonioe
648 3061 1036 3143 partitiones:
1094 3061 1261 3143 prior
1306 3080 1405 3118 eas
1450 3057 1912 3143 complectitur,
1959 3079 2101 3140 quae

421 3273 498 3330 (ι)
525 3274 734 3320 Dietion.
767 3277 838 3321 des
870 3278 1026 3323 scienc.
1058 3284 1236 3333 matun,
1269 3287 1366 3322 tom.
1404 3292 1474 3334 19,
1505 3293 1605 3335 pag.
1636 3276 1730 3320 225.
