2324 3631
397 177 518 234 218

477 276 617 357 Ipse
663 289 860 335 autom
899 296 1083 357 quum
1128 272 1293 332 cordi
1330 276 1577 335 maxime
1623 273 1938 336 habuerim
1985 278 2097 337 sin-

392 376 617 458 gularia
738 377 839 458 qui
901 377 960 433 in
1015 373 1166 434 colle
1224 375 1582 436 Taurinonsi
1627 375 1818 435 detexi
1867 377 2095 460 publici

654 426 670 453 9

392 477 533 560 juris
581 476 883 553 reddere3
931 475 1045 535 hoc
1091 497 1277 557 genus
1323 476 1463 536 licet
1505 476 1578 536 ad
1625 477 1796 536 aliam
1841 477 2092 538 classem

389 580 707 661 pertineat,
736 577 1416 660 complementimajoriS
1458 600 1655 655 causa,
1691 578 2092 661 adjiciendum

396 701 526 739 esse
565 681 797 761 putavi.

474 779 887 862 l'mprovidum
926 802 1133 840 eorum
1165 795 1254 840 est
1292 781 1625 856 consilium,
1659 783 1756 865 qui
1798 795 2106 843 autumant

397 884 831 963 antiquissima,
854 881 988 941 ideo
1027 883 1470 966 simplicissima
1496 882 1620 942 haec
1661 906 1917 967 corpora
1948 904 2101 960 esse3

389 1006 529 1042 nam
573 983 942 1068 physiologia
975 1006 1182 1044 eorum
1227 986 1565 1066 ignorantia
1592 1032 1611 1062 ,
1658 985 2102 1068 simplicitatem

396 1086 657 1171 probare
704 1089 931 1171 nequit.

819 1247 1111 1297 TETHIA
1171 1247 1677 1297 ASBESTELLA

1108 1407 1389 1447 LAMARCK

398 1542 578 1590 Tetlzia
615 1542 813 1608 ingens,
851 1541 1110 1590 turbinato
1149 1539 1541 1609 capitatafibris
1579 1539 1903 1605 longissimis,
1940 1548 1986 1588 et
2007 1538 2105 1606 faa

457 1631 705 1679 sciculalis
733 1669 747 1695 ⁷
785 1628 934 1678 dense
971 1640 1236 1698 compacta
1256 1652 1277 1686 ,·
1314 1630 1494 1679 cortice
1531 1627 1743 1677 deciduo
1768 1650 1788 1685 ,·
1819 1629 1965 1696 poris
2000 1628 2097 1678 ob-

462 1720 646 1767 soletis.

428 1807 697 1856 Lamarck.
734 1808 858 1856 Hist.
895 1815 1057 1855 natur.
1095 1817 1214 1856 tom.
1253 1824 1301 1855 2.

428 1895 714 1942 Blainville.
751 1895 885 1944 Man.
932 1895 1080 1942 actin.
1111 1910 1235 1961 pag.
1275 1891 1393 1953 545.

482 2032 731 2092 Habitat
773 2035 834 2091 in
883 2054 1108 2091 oceano
1148 2031 1535 2092 Bresiliensi.
1582 2076 1594 2088 .
1642 2029 2107 2112 Reperiturfre-

406 2156 595 2218 quens
641 2137 704 2194 in
734 2134 882 2195 colle
929 2135 1308 2193 Taurinensi.

845 2324 1145 2375 TETHIA
1193 2323 1676 2375 CAVERNOSA

1120 2485 1399 2524 LAMARCK

406 2641 586 2689 Tetlzia
621 2641 834 2707 globosa
863 2678 875 2704 ‚
898 2639 1053 2706 fossis
1089 2638 1424 2705 angularibus
1447 2676 1460 2702 ⁷
1510 2636 1875 2705 inaequalibus,
1913 2637 2112 2702 irregu-

468 2730 649 2777 lariter·
684 2727 934 2796 dispositis
959 2751 980 2784 ,·
1004 2727 1156 2795 fibris
1193 2745 1218 2774 e
1254 2737 1423 2776 centro
1461 2724 1822 2786 radiantiba53
1863 2722 1937 2772 ad
1967 2725 2108 2791 peri-

465 2818 700 2887 plieriam
722 2815 1059 2883 scisciculacis.

438 2906 707 2956 Lamarck.
745 2907 869 2954 Hist.
906 2914 1068 2953 natur.
1105 2905 1280 2955 iuvert.
1319 2913 1438 2953 tom.
1477 2920 1525 2952 2.

441 2995 724 3043 Blainville.
762 2994 856 3042 Cit.
893 2992 1024 3041 loco.

492 3132 738 3194 Habitat
782 3135 843 3192 in
881 3155 1104 3194 oceano
1134 3133 1488 3195 Americano
1520 3176 1533 3190 .
1576 3177 1587 3188 .
1639 3175 1650 3187 .
1684 3127 2009 3210 Reperitur
2052 3126 2110 3187 in

417 3235 566 3297 colle
606 3236 983 3295 Taurinensi.
