2324 3631
412 189 523 266 104

393 306 459 351 ut
503 313 570 352 ex
613 290 991 352 varietatibus
1060 290 1133 349 ad
1177 295 1587 352 columnarias
1628 294 2095 375 perveniamus3

387 394 552 477 quod
597 393 757 452 idem
803 406 895 452 est
939 415 1005 452 ac
1071 393 1120 452 si
1167 413 1233 452 ex
1274 398 1660 454 columnariis
1706 394 2092 477 proficiscan-

394 510 492 555 tur
536 499 883 554 sarcinula).

475 599 547 654 In
613 596 1026 656 maselzellcalk
1057 644 1074 672 ‚
1130 609 1309 678 atque
1367 597 1669 657 zechstein
1714 598 1941 681 primus
1994 621 2098 658 co-

391 704 727 758 lamnarias
783 699 1006 757 invenit
1064 697 1323 781 Golcffics
1347 745 1365 774 ,
1443 704 1696 782 quarum
1747 702 2099 762 memoriam

389 801 506 883 jam
529 815 703 859 antea
728 814 1080 883 susceperat
1109 803 1168 860 in
1203 803 1606 881 grazcwccclce,
1632 824 1766 885 quae
1797 803 2101 864 invenitur

382 925 578 986 prope
604 903 947 962 Senekasee
963 949 980 977 ,
1027 917 1206 985 atque
1237 903 1646 965 New-Yorelc
1667 952 1689 976 ,
1729 904 1869 963 dum
1895 910 2100 965 alveo-

390 1012 579 1063 latam
619 1009 1061 1064 columnariam
1112 1006 1399 1064 meminit.
1445 1006 1516 1063 In
1561 1010 1801 1065 oolitica
1849 1028 2096 1088 quoque

390 1118 571 1166 (etate
614 1107 872 1189 viguisse
902 1155 922 1184 ,
966 1120 1150 1167 strata
1181 1156 1199 1184 ,
1265 1125 1400 1190 quae
1449 1105 1665 1167 adsunt
1716 1127 1917 1191 prope
1961 1109 2096 1167 Mo-

375 1212 644 1290 yenvie,
688 1207 973 1269 Meartlze
1019 1208 1279 1290 alibique
1326 1221 1637 1268 testantur.

479 1311 628 1383 Quae
660 1309 1000 1372 subsecutae
1046 1324 1185 1370 sunt
1221 1309 1658 1371 vicissitudines
1684 1355 1705 1385 ,
1751 1311 1944 1394 prima
1972 1334 2102 1371 sar-

394 1416 740 1470 cinularum
783 1410 1120 1493 fragmenta
1163 1411 1588 1494 protulerunt,
1653 1427 1834 1495 atque
1880 1434 1949 1472 ex
1991 1413 2104 1473 hac

395 1526 755 1594 tempestate
780 1512 857 1571 ad
887 1511 1245 1572 diluvianam
1264 1525 1500 1572 (etatem
1521 1514 1932 1597 perveniendo
1965 1536 2103 1574 sen-

391 1615 505 1673 sim
549 1635 799 1674 numero
837 1613 1090 1696 majores
1139 1617 1494 1693 extiterunt,
1538 1616 1619 1674 ita
1654 1629 1720 1675 ut
1766 1629 1904 1675 tunc
1949 1629 2105 1675 tem-

399 1717 566 1798 poris
595 1716 1052 1799 quamplurimae
1097 1719 1396 1777 extiterint
1416 1719 1684 1800 species,
1734 1739 1881 1799 quas
1928 1715 2110 1778 hodie

399 1817 808 1878 desideramus
823 1846 845 1892 ,-
878 1819 1019 1878 dum
1058 1835 1312 1902 quatuor
1343 1818 1756 1880 tantummodo
1786 1819 2104 1900 habemu8‚

405 1941 538 2001 quae
585 1921 645 1978 in
688 1922 874 1979 Indiis
920 1922 1145 1982 vivunt.
2071 1990 2076 1995 ,

487 2023 873 2082 Sarcinzdam
917 2024 976 2082 in
1023 2026 1223 2084 stratis
1270 2023 1691 2085 subfossilibus
1727 2071 1746 2100 ,
1808 2046 1944 2107 quae
2001 2046 2112 2085 no-

402 2124 561 2182 mine
637 2124 888 2206 gallico,
961 2131 1196 2186 terrain
1274 2132 1572 2207 Clysmien
1628 2126 1894 2210 appellat
1941 2129 2108 2188 Bro-

399 2230 632 2304 gniart,
676 2248 982 2307 nunquam
1006 2243 1436 2306 memorarunt,
1483 2250 1666 2311 quum
1694 2229 1859 2288 chot
1885 2243 2114 2288 tantum

405 2326 656 2404 fossilia,
688 2347 823 2409 quae
871 2351 1067 2412 prope
1115 2331 1389 2392 Nieoeam
1420 2345 1479 2390 et
1504 2330 1820 2390 ..nonnulla
1871 2352 2006 2412 quae
2051 2332 2114 2390 in

410 2429 614 2488 Svetia
680 2444 924 2514 reperta
1001 2446 1140 2491 sunt
1206 2455 1316 2516 pro
1383 2432 1513 2492 basi
1576 2431 1743 2514 hujus
1792 2433 2116 2493 sedimenti

409 2534 696 2613 posuerit.
778 2534 910 2593 Hoc
975 2519 1174 2594 tamen
1245 2537 1442 2617 posito
1488 2581 1504 2610 ‚
1576 2556 1756 2594 nemo
1840 2535 2114 2617 quaedam

409 2647 672 2693 testacea
710 2634 931 2694 ibidem
978 2638 1208 2718 signata
1260 2658 1456 2720 prope
1510 2636 1773 2697 Nicaeam
1838 2639 2115 2721 reperire

413 2749 615 2816 potest
651 2783 668 2810 ,
718 2759 899 2818 quum
947 2752 1147 2797 mente
1194 2752 1424 2797 tantum
1480 2737 1552 2797 ab
1600 2754 1842 2798 auctore
1871 2785 1886 2812 ,
1935 2761 2117 2820 quem

411 2844 707 2896 memorat
769 2839 1009 2920 gallicus
1079 2839 1366 2923 geologiae
1415 2840 1646 2917 cultor,
1709 2839 1932 2899 fuerint
1976 2863 2116 2900 con-

415 2953 608 3020 cepta.
656 2940 745 2999 Ita
790 2941 984 2999 bolma
1024 2964 1250 3021 rugosa
1276 2990 1292 3017 ,
1335 2947 1532 3002 otavia
1569 2965 1934 3025 purpurea,
1978 2943 2117 3002 teba

406 3043 625 3121 pisana
673 3089 695 3112 2
762 3048 1004 3101 rumina
1077 3046 1380 3103 decollata
1437 3092 1454 3121 ,
1504 3045 1704 3121 fidela
1811 3043 2046 3105 theresa
2098 3094 2116 3123 7

414 3147 665 3223 cyclope
721 3147 1056 3204 nem'toidea
1095 3192 1112 3219 ‚
1181 3147 1420 3204 nomina
1485 3160 1678 3220 sunt,
1740 3167 1872 3228 quae
1933 3149 2117 3206 risum

417 3256 647 3303 tantum
691 3268 928 3306 movere
977 3247 1172 3310 valent
1211 3271 1223 3308 :
1290 3247 1400 3308 hoc
1448 3247 1802 3308 commendo
1852 3250 1919 3309 iis
1950 3297 1967 3325 7
2014 3248 2116 3328 qui
