2324 3631
393 217 498 254 102

458 298 597 357 Mea
639 295 895 375 denique
918 293 1119 375 opinio
1165 296 1382 375 sponte
1410 290 1535 351 fluit
1581 311 1649 351 ex
1675 291 1784 367 iis,
1833 313 1965 375 quae
2003 292 2078 353 de

377 402 605 459 astroeis
630 396 992 470 afferuntur3
1023 415 1161 453 nam
1198 406 1415 454 astroea
1445 395 1747 473 Borgueti
1772 407 1831 452 et
1859 408 2080 454 astroea

377 505 656 572 stellata,
690 518 837 578 quas
883 518 1003 555 non
1047 499 1251 578 inepte
1294 497 1425 576 quis
1473 494 1893 578 conjungeret,
1920 517 2079 556 verae

379 614 517 660 sunt
547 603 896 673 sarcinulce3
943 618 1052 656 nec
1086 618 1235 656 unus
1274 595 1616 678 Dfffrcmce,
1658 597 1760 679 qui
1805 609 2085 657 astroeam

376 705 684 761 ascroitem
725 720 927 758 veram
971 703 1342 759 sarcinulam
1387 719 1518 759 esse
1568 698 1826 775 fatetur,
1871 697 1981 759 sed
2025 711 2085 759 et

378 804 438 861 in
477 800 589 860 hoc
628 821 812 860 censu
853 814 1089 883 ponunt
1129 814 1409 860 astroeam
1453 804 1787 861 a'leutieon.

460 903 599 964 Non
641 904 691 963 is
745 919 947 964 tamen
1009 924 1139 963 sum
1170 950 1188 978 ,
1248 903 1351 984 qui
1395 917 1604 984 putem
1662 923 1877 985 reapse
1928 903 2088 961 inter

370 1020 699 1066 memorata
724 1027 944 1088 genera
964 1050 981 1078 ,
1013 1003 1430 1063 distinctiones
1469 1005 1704 1063 eximias
1727 1052 1744 1079 ,
1790 1018 1850 1063 et
1880 1003 2086 1086 plures

374 1107 584 1168 adesse
609 1157 626 1185 ,
672 1109 755 1167 ita
800 1120 865 1167 ut
906 1119 1187 1167 ascraeum
1217 1129 1249 1164 a
1283 1109 1598 1165 sarcinula
1639 1119 1763 1164 toto
1804 1104 1951 1164 caelo
1991 1104 2091 1163 ab-

381 1212 501 1269 sit:
561 1212 831 1270 novimus
876 1209 1037 1268 enim
1064 1256 1080 1284 ,
1127 1207 1386 1291 plurima
1442 1206 1669 1268 eisdem
1715 1208 2041 1267 convenire
2069 1255 2090 1286 ,

384 1312 584 1395 quoad
621 1312 924 1372 stellarum
965 1310 1453 1394 dispositionem,
1492 1308 1799 1384 ordinem,
1849 1323 2092 1386 centra,

385 1413 584 1496 quoad
629 1435 953 1495 supernam
995 1411 1210 1470 faciem
1249 1433 1263 1486 3
1310 1411 1419 1471 sed
1487 1433 1670 1492 quum
1734 1432 1933 1493 neque
1979 1432 2095 1493 per

385 1538 453 1574 ea
482 1516 568 1574 ire
594 1515 804 1589 liceat,
843 1515 960 1573 nisi
1004 1513 1269 1594 alioquin
1309 1514 1506 1572 omnia
1542 1512 1852 1595 polyparia
1888 1512 2092 1572 lamel-

384 1616 551 1676 lifera
597 1614 1065 1692 confundamus,
1135 1616 1217 1674 ita
1260 1628 1325 1674 ut
1370 1636 1481 1674 nec
1527 1615 1931 1686 meandrina,
1976 1636 2094 1674 nec

386 1723 872 1790 monticularicc,
906 1739 1019 1776 nec
1063 1721 1466 1791 montilvatia,
1514 1739 1802 1800 generum
1848 1714 2094 1777 firmita-

388 1836 512 1881 tem
557 1820 1076 1903 adipiscerentur,
1123 1817 1601 1878 concludendum
1641 1832 1770 1894 est,
1810 1817 1950 1878 licet
1993 1817 2098 1877 fir-

388 1920 947 1982 mioravdeficiant:
1011 1920 1222 1981 saltem
1269 1942 1337 1980 ea
1363 1922 1557 1980 omnia
1605 1920 1817 1981 adesse
1864 1922 1924 1979 in
1961 1943 2095 1982 sar-

391 2031 639 2097 cinula,
687 2047 942 2107 quorum
1001 2025 1058 2083 vi
1116 2037 1337 2082 caetera
1384 2043 1606 2105 genera
1645 2021 2100 2106 polypariorum

390 2126 639 2186 lamellis
685 2125 1074 2209 praeditorum
1121 2123 1464 2185 subsistant.

476 2227 699 2286 Tubuli
729 2243 925 2286 autem
964 2240 1101 2286 sunt
1138 2225 1445 2285 verticales
1481 2228 1537 2284 in
1569 2230 1916 2303 sarcinuZiS,
1943 2225 2102 2286 idest

395 2351 426 2389 e
469 2328 602 2388 basi
647 2328 993 2412 prodeunt,
1059 2349 1181 2387 non
1228 2349 1644 2402 communem,
1691 2327 1798 2387 sed
1843 2326 2099 2411 cujusvis

394 2430 580 2490 tubuli
627 2432 941 2514 propriam
979 2478 995 2506 ,
1054 2443 1406 2512 rectamque
1472 2429 1662 2489 ferme
1709 2429 1925 2489 lineam
1972 2452 2101 2490 ser-

388 2548 573 2609 vant3
617 2547 913 2615 praeterea
971 2531 1157 2591 tubuli
1196 2535 1498 2615 aggregati
1560 2547 1712 2593 sunt.
1761 2535 1832 2592 In
1878 2532 2099 2593 tubulis

399 2634 507 2692 alia
563 2633 994 2693 consideranda
1061 2648 1426 2708 occurrunt,
1490 2635 1771 2693 nimirum
1819 2655 2104 2695 numerus

397 2735 843 2811 fasciculorum,
885 2757 1031 2818 quos
1073 2752 1483 2819 componunt,
1517 2752 1576 2797 et
1605 2760 1815 2797 eorum
1846 2739 2105 2796 invicem

398 2837 740 2897 tubulorum
787 2841 1105 2898 connexio:
1153 2853 1335 2920 atque
1380 2842 1438 2898 in
1485 2842 1690 2922 primis
1740 2853 1968 2898 certum
2015 2852 2106 2896 est

402 2939 688 3021 plurimos
716 2939 925 2999 adesse
958 2939 1190 3000 tubulos
1220 2946 1542 3000 sarcinuloe
1572 2943 1694 3001 sive
1724 2942 1957 3012 minuti,
1982 2941 2105 2999 sive

402 3043 584 3100 crassi
629 3043 774 3117 sint,
822 3041 1033 3101 itidem
1073 3057 1304 3102 certum
1351 3058 1438 3103 est
1461 3042 1854 3102 fasciculatim
1895 3063 2106 3124 aggre-

403 3156 569 3224 gatos
615 3146 900 3226 reperiri,
951 3166 1083 3225 quae
1131 3144 1247 3204 duo
1291 3146 1610 3205 tabulariis
1660 3159 1718 3204 et
1739 3143 2107 3227 fiwositibas

403 3247 738 3303 eommunia
783 3261 920 3306 sunt
950 3296 968 3324 ,
1027 3249 1170 3307 item
1228 3253 1461 3330 stylitae
1507 3249 1754 3308 maxime
1819 3245 1929 3307 sub
1988 3245 2103 3305 hoc
