2324 3631
1771 216 1847 252 22

202 288 534 366 Bolzadslc,
578 299 804 346 motum
860 301 919 346 et
962 288 1156 347 lucem
1185 335 1202 363 ,
1245 285 1464 370 quibus
1511 288 1697 371 pollet
1738 197 1899 375 pol?-

203 390 437 472 parium
478 391 558 448 ita
585 386 928 470 explicavit,
972 403 1038 448 ut
1076 391 1360 449 consistat
1387 391 1446 447 in
1477 392 1900 453 constrictione

204 489 460 571 quadam
519 493 897 572 peristaltica
939 513 971 547 a
1017 490 1175 548 nuda
1222 489 1342 572 ejus
1399 493 1767 550 extremitate
1815 495 1899 552 in-

204 592 490 672 cipiente,
545 604 602 648 et
647 611 758 671 per
804 605 1122 670 pennatam
1170 613 1413 673 quoque
1461 606 1692 674 partem
1724 592 1902 654 obso-

203 690 377 750 letius
425 692 789 750 continuata:
839 693 1007 771 quasi
1033 691 1278 751 annulus
1325 692 1508 751 ruber
1538 716 1648 775 per
1685 696 1905 778 stipem

206 789 597 865 ascenderet,
645 793 984 873 stipemque
1047 793 1207 850 varie
1255 795 1538 867 curvari,
1587 809 1646 853 et
1689 797 1905 877 pinnas

206 890 455 950 horsum
501 893 727 950 moveri
764 938 781 966 ,
832 915 949 973 quo
995 907 1161 951 motu
1204 895 1408 974 pinnae
1454 909 1676 954 natant.

290 992 530 1051 Ciliatos
578 993 825 1074 insuper
870 1014 1001 1051 esse
1045 992 1325 1076 polypos,
1360 997 1462 1075 qui
1491 996 1905 1078 inpenncztula

205 1090 342 1151 hinc
387 1092 526 1152 inde
573 1095 875 1152 constituti
945 1108 1115 1170 sunt,
1163 1093 1580 1155 observatione
1628 1114 1908 1177 constat3

207 1215 325 1275 qua
371 1196 598 1276 pariter
644 1192 931 1252 docemur
970 1194 1288 1253 vesciculas
1314 1195 1524 1254 horum
1556 1199 1914 1281 polyporum

209 1293 379 1352 ovula
425 1295 755 1369 continere,
790 1293 1003 1375 quibus
1037 1296 1315 1376 sepositis
1361 1318 1530 1355 novae
1550 1307 1912 1375 pennatuloe

209 1397 497 1454 oriuntur.
552 1394 643 1453 Ad
672 1396 938 1453 Briozoa
986 1397 1187 1475 itaque
1234 1399 1538 1478 pertinere
1586 1421 1763 1480 posse
1803 1424 1912 1484 po-

209 1498 461 1555 steriora
506 1495 634 1555 haec
667 1495 956 1570 indicant,
1007 1499 1272 1578 quamvis
1323 1497 1494 1579 plura
1540 1514 1664 1557 tum
1711 1500 1785 1560 de
1811 1524 1910 1560 va-

206 1597 420 1656 sculari
466 1612 804 1679 systemate,
852 1612 974 1656 tum
1023 1597 1095 1655 de
1144 1598 1441 1680 operculis
1472 1648 1490 1676 ,
1528 1614 1652 1659 tum
1692 1601 1766 1661 de
1805 1625 1907 1686 pe-

209 1698 415 1758 culiari
461 1701 833 1758 incremento
880 1698 1250 1782 pennatulae,
1298 1699 1732 1762 desiderentur.

294 1803 705 1859 Pennatulam
733 1802 1111 1881 nunquamin
1128 1815 1282 1859 statu
1311 1800 1493 1861 fossili
1516 1805 1916 1885 reperierunt:

207 1899 512 1983 diligentia
558 1904 776 1984 equitis
815 1903 886 1960 V.
916 1903 1182 1979 Morem,
1230 1900 1390 1984 cujus
1438 1905 1699 1963 amicitia
1735 1905 1917 1967 bene-

207 2002 586 2085 volentiaque
660 2003 826 2062 fruor
864 2051 881 2080 ,
928 2025 1060 2063 eam
1125 2004 1186 2062 in
1252 2027 1395 2086 agro
1441 2006 1677 2067 Astensi
1725 2008 1910 2069 semel

211 2106 550 2187 iterumque
596 2106 866 2187 reperiit.

656 2263 1127 2312 PENNATULA
1181 2264 1487 2315 DILUVII

987 2389 1154 2425 NOBIS

214 2485 421 2532 Pennat.
478 2487 629 2552 stirpe
685 2486 998 2551 longiuscula
1015 2508 1034 2541 ,·
1087 2488 1257 2554 pinnis
1317 2490 1577 2554 arcuatis,
1636 2489 1916 2558 depressis,

277 2573 546 2637 contiguis,
582 2572 745 2621 nudis.

298 2710 547 2772 Habitat
592 2759 604 2770 .
652 2757 665 2771 .
714 2757 727 2771 .
773 2714 1095 2795 Reperitur
1140 2714 1201 2771 in
1248 2738 1392 2797 agro
1439 2716 1694 2776 Astensi.

302 2813 546 2875 Collect.
595 2817 881 2887 M‘orelli,
925 2814 1287 2876 slliclzelotti.
