2324 3631
1756 154 1870 238 159

167 253 482 315 steriorem
503 253 856 335 opinionem
881 273 1018 311 cum
1045 251 1377 323 rennuerit,
1403 251 1552 311 adeo
1567 253 1872 314 Lamarclf

167 354 409 438 placuit,
450 368 516 414 ut
560 356 778 414 veritus
811 375 932 412 non
962 354 1054 429 sit,
1100 353 1441 436 tabiporaS,
1501 359 1869 437 eateniporis

164 454 421 539 adjungi,
468 477 716 538 quarum
763 468 960 514 tamen
991 454 1312 514 discrimen
1357 454 1449 513 vel
1488 454 1565 515 ob
1601 457 1865 515 omnium

170 557 371 617 oculos
420 578 647 640 ponere
693 578 815 615 non
862 558 1139 616 occurrit.

249 657 345 717 Ad
389 657 542 716 hanc
588 659 791 739 itaque
835 680 965 717 rem
1010 659 1322 740 aptissime
1359 671 1565 717 monet
1600 657 1872 719 laudatus

171 760 533 835 Blainville,
580 780 759 840 posse
800 764 1186 841 cateniporas
1233 757 1306 816 ad
1350 758 1640 819 escharas
1686 761 1876 842 perti-

168 881 348 935 nere,
407 858 521 918 hoc
562 858 745 918 dubio
782 873 979 918 motus
1012 907 1030 936 ,
1077 859 1217 941 quia
1263 858 1624 918 videbantur
1668 861 1879 919 lamel-

162 959 234 1019 lae
299 961 573 1043 recipere
636 959 916 1035 cellulas,
966 982 1217 1042 quarum
1265 975 1545 1044 apertura
1595 963 1875 1045 opposita

166 1060 362 1137 foret3
411 1061 630 1121 deinde
687 1060 838 1121 hanc
894 1064 1242 1145 opinionem
1287 1062 1587 1144 reliquit,
1633 1061 1877 1145 majori-

160 1160 273 1221 bus
321 1164 548 1223 innixus
594 1161 1019 1239 fundamentis,
1065 1161 1223 1220 unde
1269 1163 1765 1245 ear-yoplzylliam
1812 1164 1874 1221 in

162 1268 521 1344 catenipora
569 1285 818 1323 cernere
879 1264 1121 1347 putavit.
1169 1263 1439 1322 Ulterius
1493 1262 1876 1346 progreditur

166 1377 350 1447 atque
389 1379 574 1443 notat,
618 1369 1033 1448 cateniporam
1060 1365 1534 1448 labyrintlzieam
1558 1367 1878 1426 convenire

160 1488 282 1524 non
327 1488 509 1548 posse
556 1490 691 1525 cum
746 1469 982 1526 oaeteris
1031 1466 1347 1549 speciebus
1398 1513 1415 1543 ,
1470 1465 1734 1548 ideoque
1779 1467 1871 1527 vel

165 1565 240 1625 ad
285 1572 653 1625 aulostomas
679 1567 771 1627 vel
816 1566 888 1625 ad
917 1573 1112 1626 alec-to
1145 1569 1473 1649 pertinere,
1514 1582 1694 1649 atque
1727 1591 1873 1652 pro-

162 1665 351 1726 ficisci
399 1666 643 1728 debere:
674 1666 813 1727 hinc
857 1670 1177 1729 Blainvz'lle
1222 1669 1322 1745 ait,
1370 1667 1514 1725 nihil
1548 1668 1702 1728 aliud
1748 1692 1874 1729 cer·

157 1789 304 1826 nere
348 1771 410 1826 in
454 1773 808 1851 eatenzpora
849 1816 864 1844 ,
919 1791 1098 1850 quam
1150 1768 1645 1851 earyophylliam
1694 1769 1870 1830 tubu-

150 1868 339 1928 losam
361 1917 379 1947 ,
417 1871 712 1952 aperturis
753 1870 1014 1931 ovalibus
1046 1872 1335 1931 munitam
1357 1919 1373 1948 ,
1406 1870 1482 1929 ad
1521 1870 1704 1930 latera
1735 1895 1874 1932 con-

157 1969 422 2054 junctam
459 2018 477 2047 ,
524 1974 606 2031 ita
650 1987 716 2033 ut
759 1988 1168 2033 anastomosas
1214 1972 1473 2032 lamellas
1522 1971 1816 2034 exhibeat.

244 2073 457 2147 Quoad
503 2073 722 2150 locum,
771 2076 875 2156 qui
917 2081 1287 2158 cateniporoe
1328 2074 1583 2134 tributus
1639 2075 1731 2134 vel
1776 2077 1876 2135 tri·

157 2171 430 2234 buendus
490 2187 628 2253 est,
702 2173 1089 2235 distinctione
1159 2196 1455 2258 egemu53
1528 2175 1618 2235 vel
1680 2175 1874 2259 loqui·

157 2296 291 2333 mur
358 2273 432 2334 de
509 2275 799 2335 methodo
860 2278 1094 2336 invecta
1148 2301 1182 2335 a
1241 2277 1595 2356 Lamarelc,
1665 2277 1754 2337 vel
1803 2277 1880 2338 de

160 2373 557 2457 dispositione
619 2377 862 2436 inducta
932 2401 963 2436 a
1016 2379 1382 2452 Blainville,
1437 2377 1527 2437 vel
1593 2379 1668 2438 de
1741 2401 1810 2438 ea
1848 2428 1867 2458 ,

158 2498 294 2558 quae
335 2476 531 2537 eidem
569 2481 916 2562 contingere
949 2493 1165 2561 potest.
1229 2481 1396 2539 Inter
1433 2479 1741 2563 polyparia
1785 2480 1871 2541 fo-

156 2579 391 2638 ramina
453 2580 757 2640 Lamarclc
798 2581 1223 2664 cateniporani
1256 2583 1456 2664 posuit
1492 2629 1515 2653 2
1563 2582 1725 2664 quod
1780 2598 1868 2642 ta-

158 2701 297 2738 men
365 2681 480 2763 ipsi
526 2680 853 2742 definitioni
912 2681 1292 2759 adversatur,
1350 2704 1524 2764 quam
1586 2682 1875 2746 habemus

162 2780 271 2842 sub
317 2783 485 2843 initio
533 2782 607 2842 de
653 2783 977 2867 polypariis
1024 2782 1414 2844 foraminibus
1464 2784 1757 2868 praeditis,

244 2883 400 2943 Nam
445 2883 585 2944 dum
631 2884 839 2945 definit
876 2885 1001 2944 haec
1046 2885 1359 2970 polyparia
1389 2936 1406 2964 ,
1452 2889 1570 2964 ait,
1616 2908 1684 2945 ea
1721 2886 1872 2969 lapi·-

162 2983 272 3044 dea
297 3007 466 3061 esse,
512 2986 745 3066 solida,
785 2989 1030 3048 interius
1070 3003 1416 3071 compacta,
1459 2987 1690 3047 cellulis
1731 3010 1873 3072 per-

160 3085 364 3148 foratis
408 3087 498 3149 vel
539 3088 824 3150 tabulosis
847 3139 864 3167 ‚
911 3089 1158 3150 lamellis
1198 3089 1536 3150 destitutis:
1578 3104 1875 3173 praeterea

163 3187 324 3250 nulla
354 3193 587 3253 l'atl'Ol'lss
619 3193 942 3275 COUClpePC
978 3213 1296 3275 POSSUmUS
1326 3197 1711 3276 CaleniporaS
1741 3214 1875 3253 cum
