2324 3631
385 200 495 258 130

788 295 1101 348 ASTRAEA
1165 293 1685 348 RETICULARIS

1090 421 1372 460 LAMARCK

364 527 562 576 Astroea
597 523 900 590 subglobosa
924 542 944 577 ;
981 520 1134 569 stellis
1158 520 1415 587 angulatis
1439 558 1452 584 ‚
1489 520 1817 590 inaequalibus
1839 558 1853 586 ‚
1888 520 1946 570 di
1988 539 2076 571 or-

437 614 598 661 mibus
628 650 641 674 ,
684 609 955 679 profundis
986 647 998 672 ,
1047 619 1216 657 centro
1277 606 1497 656 radiatis
1524 645 1538 673 ‚
1575 608 1860 677 parietibus
1895 612 2084 661 striatis

436 701 711 751 lamellosis
738 721 759 755 ;
797 699 1026 764 margine
1065 699 1176 745 levi.

365 793 610 840 Limzaeus.
647 788 875 837 Amaenit.
914 786 1054 836 acad.
1101 804 1116 834 1
1164 786 1266 835 tab.
1305 785 1456 853 4fig.
1503 784 1581 835 16.

366 878 632 928 Lamarclc.
671 878 795 925 Hist.
822 876 903 924 cit.
947 892 964 922 1
1009 883 1060 923 et
1097 892 1125 923 2
1167 872 1288 922 edit.
1328 885 1446 922 tom.
1484 891 1513 922 2
1545 889 1671 942 pag.
1709 874 1835 937 414.

365 968 687 1015 Lamoroux.
725 960 1001 1030 Encyclop.
1031 979 1159 1029 pag.
1206 960 1318 1010 128,

395 1117 414 1120 ⁷
454 1071 724 1128 Parietes
756 1066 1060 1126 stellarum
1086 1063 1390 1124 subnudos
1407 1084 1537 1124 esse
1563 1077 1732 1147 putat
1759 1065 2086 1139 Lamarvlc,

373 1175 457 1230 ita
502 1185 568 1230 ut
598 1169 673 1228 ad
717 1171 1065 1227 varietatem
1095 1180 1389 1249 provocet
1418 1186 1515 1225 eas
1561 1179 1812 1225 astroeas
1854 1166 1912 1224 in
1955 1166 2086 1247 qui-

377 1273 492 1332 bus
533 1273 798 1356 parietes
841 1267 1365 1329 striato-lamellosi
1411 1281 1587 1342 sunt3
1637 1281 1696 1326 at
1732 1288 2091 1350 perperam3

370 1396 512 1432 nam
578 1371 906 1431 obliteratae
951 1383 1168 1428 astrece
1223 1370 1420 1451 potius
1483 1367 1767 1427 indicium
1815 1368 2090 1451 praebent

371 1472 630 1535 subnudi
668 1472 955 1554 parieti83
1001 1470 1264 1551 alioquin
1315 1491 1457 1528 vero
1524 1470 1859 1528 eminenter
1910 1467 2077 1528 hisce

370 1574 618 1634 lamellis
667 1572 777 1632 hoc
826 1593 1011 1654 genus
1059 1570 1308 1653 indiget.

456 1675 754 1735 Peculiari
802 1687 1000 1733 autem
1044 1673 1354 1731 venustate
1393 1694 1512 1730 non
1559 1684 1723 1730 caret
1768 1669 1901 1730 haec
1947 1692 2089 1753 spe-

377 1780 501 1837 cies
533 1826 550 1855 ,
616 1791 742 1836 tum
789 1774 866 1834 ob
932 1776 1363 1857 geometricam
1419 1771 1724 1831 stellarum
1769 1771 2033 1830 indolem
2071 1821 2090 1850 ,

374 1894 503 1940 tum
534 1900 601 1938 ex
624 1893 833 1938 natura
861 1878 1198 1959 marginum
1225 1925 1242 1953 ,
1284 1877 1389 1958 qui
1416 1896 1479 1934 se
1520 1873 1869 1934 extollentes
1900 1875 2089 1956 magis

375 1980 665 2041 denotant
705 1979 967 2039 lamellas
997 2026 1015 2054 ,
1082 2001 1214 2060 quae
1261 1980 1323 2035 in
1367 1976 1478 2035 hac
1544 1978 1747 2058 specie
1795 1977 2036 2036 minutae
2070 2025 2088 2053 ,

378 2083 702 2167 granulatae
763 2095 920 2141 sunt.
965 2079 1128 2153 Nihil
1188 2078 1441 2161 amplius
1504 2076 1729 2137 addere
1796 2099 2092 2161 possum,

379 2207 562 2267 quum
607 2183 1011 2266 fragmentum
1055 2178 1468 2240 tantummodo
1517 2199 1772 2239 servem.

463 2284 713 2344 Habitat
756 2330 769 2343 .
817 2330 831 2342 .
879 2329 893 2342 .
939 2283 1265 2365 Reperitur
1309 2283 1373 2340 in
1419 2280 1568 2341 colle
1615 2281 1994 2341 Taurinensi.

461 2389 616 2446 Mus.
631 2435 649 2464 ,
691 2387 943 2446 Brittan.
972 2433 988 2462 ‚
1029 2386 1218 2444 Paris.
1233 2432 1250 2462 ,
1297 2384 1439 2465 (viv)
1480 2381 1710 2442 collect.
1743 2382 2092 2445 Mielzelottc·

384 2487 679 2570 (fossilis).

808 2588 1125 2639 ASTRAEA
1168 2587 1664 2637 INTERSEPTA

681 2716 882 2771 esraa,
928 2715 1095 2752 Noms
1151 2693 1176 2773 (
1218 2694 1369 2752 Tab.
1419 2691 1453 2752 5
1483 2694 1641 2773 ,fig.
1698 2697 1804 2770 1.)

381 2814 580 2863 Ascroea
613 2814 933 2872 incruslans3
991 2812 1249 2881 superficie
1288 2813 1559 2860 reticulata
1583 2851 1596 2876 ,
1654 2811 1805 2859 stellis
1842 2811 2095 2877 subaugu-

451 2902 568 2950 latis
600 2939 613 2965 ,
649 2902 893 2966 contiguis
922 2924 934 2962 ·‚
974 2903 1199 2966 margine
1237 2902 1420 2949 mutico
1446 2922 1463 2955 ,·
1501 2916 1604 2947 axe
1642 2900 1872 2948 centrali.

383 2989 559 3056 Esper.
599 2987 873 3041 Pflanzent.
916 2989 1110 3057 supple.
1157 3007 1171 3036 1
1213 3006 1332 3057 pag.
1372 3006 1438 3055 99
1476 2988 1579 3037 tal).
1621 3005 1701 3054 79.

383 3077 701 3125 Lamoroux.
741 3077 1013 3145 Encyclop.
1045 3095 1168 3145 pag.
1216 3095 1325 3142 127.

385 3165 717 3229 Sclzeweiger.
755 3164 1016 3229 Handbug.
1051 3182 1172 3232 pag.
1214 3166 1330 3230 4¹9·

385 3253 650 3301 Lamarclt.
680 3252 801 3301 Hist.
843 3254 992 3302 anim.
1033 3255 1112 3303 eit.
1151 3252 1243 3301 loc.
1277 3268 1397 3317 pag.
1436 3252 1552 3311 liic.
