2324 3631
366 216 478 258 120

355 300 448 382 pit
489 298 601 379 (1).
645 298 922 357 Jamvero
970 298 1123 355 inter
1164 294 1556 377 madreporas
1595 317 1627 353 a
1664 295 1910 356 Linnoeo
1956 317 2058 356 re-

358 401 615 460 censitas
638 447 656 476 ,
700 396 810 457 fuit
845 410 1063 457 astroea
1092 442 1114 466 ,
1160 393 1340 476 idque
1392 409 1457 455 ut
1508 409 1752 478 pareret
1794 398 2002 456 Pallas
2034 442 2060 469 ,

356 523 538 582 quem
605 502 662 558 in
731 499 842 558 hac
916 509 1085 579 parte
1133 497 1353 556 Svevas
1396 498 1658 579 scriptor
1701 518 1815 578 per
1859 500 2056 557 omnia

354 601 542 660 ferme
590 614 828 659 secutus
904 610 1029 656 est:
1077 610 1316 674 tamen,
1361 610 1502 657 tunc
1548 597 1838 680 temporis
1882 598 2059 657 usita-

356 716 445 761 tas
494 701 762 760 novimus
804 719 983 760 voces
1034 699 1413 781 madrepome
1465 703 1779 771 astroiteS,
1817 700 2056 758 madre-

342 823 517 885 poroe
535 800 807 881 favosoe:
851 800 933 858 ita
958 800 1248 860 Boeeone
1291 800 1350 858 in
1376 820 1482 858 suo
1527 821 1748 859 musaeo
1796 798 1910 859 hoc
1954 821 2058 858 no-

349 924 491 961 men
534 914 765 962 astroeoe
770 899 1013 984 favosa>
1040 914 1343 978 recenset,
1389 899 1550 982 cujus
1584 923 1755 983 opuS,
1802 900 1938 960 licet
1963 922 2059 961 ve-

346 1016 566 1063 tustate
610 1002 887 1078 laboret,
933 1002 1323 1084 peregrinum
1383 1001 1528 1083 quid
1557 1049 1574 1078 ,
1615 1015 1797 1085 atque
1855 1016 2064 1062 notatu

349 1102 592 1188 dignum
638 1104 862 1187 passim
908 1105 1186 1162 occurrit.

433 1208 689 1265 Omnem
747 1218 946 1264 tamen
993 1204 1458 1265 controversiam
1504 1202 1743 1264 sustulit
1788 1203 2054 1287 anglicus

346 1308 589 1367 Brown
661 1306 751 1386 (2)
787 1350 806 1380 ,
850 1304 1220 1386 feliciorique
1266 1319 1442 1388 partu
1485 1319 1762 1366 astroeam
1787 1352 1806 1384 ,
1849 1328 2055 1365 mean-

347 1409 586 1468 drinam
621 1454 644 1479 ,
712 1412 1034 1487 pavonc‘am
1075 1452 1100 1478 ,
1170 1411 1509 1485 agarieiam
1550 1453 1574 1479 ,
1643 1406 1874 1488 aliaque
1951 1428 2054 1490 ge-

347 1530 492 1567 nera
538 1507 842 1567 constituit
886 1507 947 1565 in
992 1505 1372 1589 dispendium
1415 1509 1759 1567 Linnoeanoe
1802 1509 2045 1567 madre-

339 1631 540 1693 poroe.

430 1710 719 1770 Nostrum
764 1722 964 1767 tamen
1007 1728 1128 1767 non
1168 1721 1259 1769 est
1287 1709 1344 1767 in
1374 1706 1536 1769 hisce
1584 1708 1684 1769 diu
1729 1710 2054 1788 immorari,

348 1833 484 1871 cum
529 1812 669 1870 satis
708 1830 1012 1892 superque
1057 1808 1131 1868 de
1170 1808 1413 1869 historia
1456 1823 1686 1869 astroeoe
1715 1832 2058 1870 sermonem

348 1909 700 1987 habuimus3
745 1909 901 1992 juvat
965 1912 1167 1993 itaque
1223 1910 1560 1994 expendere
1607 1909 2055 1989 definitionem,

346 2027 433 2090 ut,
459 2012 606 2094 quid
647 2025 877 2072 astroeoe
903 2014 1142 2071 nomine
1180 2014 1408 2088 veniat,
1440 2034 1893 2096 cognoscamus.
1931 2016 2054 2073 La-

340 2116 583 2198 pideam
622 2112 873 2173 dicimus
946 2125 1226 2174 astt'ceam
1271 2113 1483 2172 eodem
1528 2135 1728 2192 sensa,
1783 2136 1902 2197 quo
1940 2138 2052 2199 pa-

346 2220 592 2275 vorziam
614 2217 916 2298 lapideam
946 2214 1226 2292 dicimus,
1262 2229 1328 2274 ut
1350 2217 1686 2293 innuamus,
1725 2239 1840 2276 non
1866 2239 2054 2275 mem-

347 2317 641 2394 branam,
688 2339 811 2376 non
876 2338 1160 2376 corneam
1214 2319 1563 2395 materiam,
1607 2317 1713 2378 sed
1757 2322 2057 2402 lapideam

349 2419 412 2476 in
460 2440 527 2477 ea
574 2440 952 2478 concurrere.

433 2522 673 2579 Astroea
719 2520 1074 2602 plerumque
1112 2517 1218 2577 fixa
1250 2533 1374 2595 est,
1421 2519 1605 2602 idque
1635 2524 1902 2604 exposcit
1946 2545 2056 2605 po-

350 2620 562 2703 lyparii
607 2636 848 2696 natura,
899 2643 1018 2702 quo
1067 2620 1141 2679 de
1173 2623 1437 2703 agimus;
1485 2622 1593 2681 sed
1638 2623 1955 2705 aliquando
2001 2646 2058 2683 e-

350 2723 563 2798 venit,
608 2737 674 2781 ut
717 2722 806 2781 vel
853 2744 1033 2798 casu,
1079 2721 1171 2780 vel
1241 2724 1298 2780 vi
1344 2723 1645 2783 auferatur
1699 2747 1730 2784 e
1778 2725 2058 2783 domicilii

351 2820 517 2896 loce,
567 2844 685 2904 quo
733 2824 790 2880 in
824 2844 963 2882 casu
1002 2824 1176 2881 etiam
1216 2823 1464 2905 polypos
1506 2827 1697 2884 vivere
1744 2848 1921 2907 posse
1969 2846 2058 2884 ex-

350 2922 650 3004 ploratum
695 2940 825 2984 est:
869 2926 1033 3001 item,
1082 2923 1278 3005 quoad
1322 2940 1569 2985 astroeas
1616 2948 1734 2985 non
1772 2948 1921 2986 unus
1969 2941 2060 2987 est

365 3178 434 3234 (1)
468 3179 616 3222 Scilla.
651 3180 717 3222 Dc
750 3185 1011 3238 corporibus
1043 3201 1151 3227 mar.
1184 3187 1319 3242 lapid.
1353 3186 1498 3227 Romoe
1533 3187 1650 3241 ¹75²·

366 3251 436 3307 (2)
466 3256 641 3296 Brown.
677 3255 772 3298 The
804 3257 920 3300 civil.
942 3260 1041 3302 aud.
1061 3267 1205 3304 natur.
1225 3261 1395 3315 history
1412 3260 1667 3316 ofjamaica.
1703 3259 1899 3302 London.
1938 3259 2057 3315 1756,
