2324 3631
1818 189 1888 245 81

212 301 431 361 genera
475 283 726 342 invicem
771 279 1118 358 adhaerent,
1181 293 1285 358 ut,
1343 302 1460 339 uno
1519 281 1791 358 sublat0,
1839 299 1898 343 et

210 380 364 439 aliud
392 383 705 442 intercidat
741 404 890 464 opus
921 396 1043 458 est,
1073 384 1406 463 sufficitque
1439 382 1527 441 vel
1565 382 1895 458 stellarum,

209 480 299 539 vel
333 481 724 559 lamellarum,
756 482 845 542 vel
876 484 1175 543 exterioris
1213 482 1380 541 faciei
1419 484 1747 564 inspectio,
1780 486 1895 542 imo

207 584 541 663 specierum
600 585 1004 665 comparatiO,
1050 582 1125 642 ad
1186 583 1659 665 dignoscendum
1714 607 1787 642 an
1838 599 1898 644 et

209 697 496 763 quatenus
543 682 806 765 sejuncta
850 683 961 743 dici
1011 699 1252 766 queunt.

287 786 557 845 Breviter
599 785 1111 867 dendmplzyllioe,
1155 786 1585 868 antlzophyllioe
1612 835 1633 858 ,
1683 790 1894 846 clado-

203 906 408 957 σοντι),
455 901 515 946 et
560 886 942 969 loboplyfllc'oe
986 888 1218 968 species
1262 889 1628 959 τῑινὸίηοῖίίς,
1667 889 1756 947 vel
1793 912 1896 948 ca·

202 986 559 1068 ryoplzylliis
606 987 932 1047 addicimus
958 1036 976 1065 ,
1020 1001 1200 1070 prout
1244 987 1550 1070 simplices
1591 1003 1769 1069 atque
1808 1011 1898 1048 so-

203 1085 409 1146 litariae
455 1090 659 1171 stirpis
718 1088 1003 1152 indicium
1048 1087 1359 1171 praebent,
1409 1088 1498 1147 vel
1543 1103 1723 1171 prout
1767 1090 1895 1172 plu-

203 1187 368 1247 ribus
414 1189 638 1264 stellis,
683 1210 795 1248 nec
841 1189 1115 1249 solitariis
1162 1189 1449 1271 stirpibus
1497 1205 1718 1248 carent.

284 1289 712 1371 Antiquissima
771 1304 910 1350 sunt
952 1291 1388 1372 caryophyllioe
1434 1293 1713 1372 vestigia3
1760 1313 1898 1349 nam

204 1410 274 1448 ea
316 1391 377 1448 in
414 1393 748 1470 grawaelse
793 1390 910 1473 jam
946 1394 1302 1475 reperimus,
1348 1406 1527 1474 prout
1572 1393 1897 1473 accipimus

202 1493 962 1575 tanquamformationffln3
992 1492 1066 1552 de
1106 1516 1223 1575 qua
1251 1492 1504 1551 alienum
1535 1516 1656 1551 non
1693 1508 1784 1552 est
1810 1493 1896 1551 di-

203 1613 373 1666 cere,
423 1593 650 1674 aliquos
696 1594 1019 1676 geologiae,
1064 1615 1175 1652 nec
1221 1593 1513 1652 inferioris
1561 1607 1717 1653 notae
1757 1597 1898 1653 scri-

201 1707 406 1775 ptores
445 1715 607 1767 esse,
646 1697 749 1774 qui
788 1708 999 1776 putant
1035 1695 1164 1775 pari
1202 1695 1430 1751 ratione
1471 1694 1542 1751 ad
1581 1697 1895 1776 primaevas

198 1793 588 1853 formationes
651 1796 997 1876 pertinere3
1063 1807 1242 1874 atque
1298 1815 1365 1852 ex
1409 1796 1477 1852 iis
1546 1793 1893 1877 fragmentis

198 1906 628 1969 testaceorum,
677 1916 811 1976 quae
861 1894 1086 1953 ibidem
1122 1897 1532 1976 reperiuntur,
1572 1895 1764 1978 aliqua
1805 1918 1895 1955 su·-

205 1994 541 2078 perioribus
576 1998 772 2055 stratis
808 1995 1200 2079 computanda
1232 2017 1392 2072 esse,
1420 1995 1614 2077 aliqua
1642 1999 1895 2079 reperiri

195 2099 258 2155 in
314 2099 384 2156 iis
432 2100 629 2157 stratis
695 2121 830 2180 quae
890 2099 1219 2180 improprie
1268 2099 1606 2177 gt‘awaclfe
1674 2121 1893 2157 nomen

194 2213 517 2259 merentur.
562 2200 726 2258 Inter
771 2199 877 2258 hos
918 2201 1142 2258 eminet
1178 2199 1420 2281 Anglius
1451 2201 1680 2258 Doctor
1725 2201 1891 2258 lvsac-

195 2302 415 2361 culoclz
453 2302 544 2380 (1)
592 2302 690 2383 qui
735 2299 843 2359 hac
888 2303 947 2358 in
993 2315 1160 2381 parte
1220 2300 1295 2358 ab
1339 2300 1720 2382 opinionibus
1768 2303 1891 2358 De-

193 2404 553 2476 La-Beche,
598 2405 931 2474 Beccmont,
970 2401 1329 2483 chsrenoy,
1368 2405 1658 2474 Prevost,
1702 2404 1890 2478 Bove',

198 2505 528 2563 eminenter
573 2503 784 2563 differt.
825 2504 1001 2562 Tanti
1035 2504 1318 2561 momenti
1359 2506 1754 2584 quaestionem
1793 2503 1890 2562 de-

194 2604 463 2664 relictam
506 2605 876 2686 reliquerunt
914 2604 1036 2679 alii,
1085 2618 1176 2663 est
1221 2618 1446 2680 tamen,
1481 2618 1539 2661 et
1577 2602 1744 2661 adest
1777 2605 1890 2662 Sis-

193 2706 415 2764 monda
455 2706 654 2787 opinio
702 2708 804 2785 qui
847 2726 981 2762 meo
1027 2702 1336 2763 infirmiori
1381 2703 1599 2784 judicio
1641 2725 1886 2763 consen-

193 2808 305 2882 tit,
349 2821 408 2866 et
472 2820 641 2888 putat
686 2805 982 2864 distinctio
1010 2854 1026 2881 ,
1068 2828 1201 2886 quae
1250 2808 1404 2864 inter
1442 2805 1779 2884 grawaelce
1831 2820 1889 2863 et

191 2922 377 2968 strata
422 2906 700 2966 inferiora
720 2905 1062 2988 fossilffer‘a
1110 2908 1432 2989 excogitata
1462 2906 1573 2963 fuit
1598 2928 1630 2961 a
1668 2906 1885 2963 De-la«

195 3009 445 3081 Beelze,
483 3011 671 3068 minus
719 3007 923 3068 solidis
991 3008 1162 3065 inniti
1229 3008 1620 3090 argumentis„
1689 3026 1884 3063 verum

209 3226 275 3280 (1)
305 3226 572 3268 Macculoclz.
604 3223 855 3279 Geological
885 3224 1185 3267 classification
1217 3224 1264 3264 of
1290 3219 1425 3264 rocks.
1464 3221 1658 3263 Lomlon.
1697 3223 1808 3263 1821.

1647 3295 1671 3334 6
