2324 3631
1751 187 1862 267 175

158 295 338 372 inque
398 294 716 370 spir-epora
774 297 1096 365 tetragona
1142 285 1280 364 (1):
1339 282 1556 343 deinde
1621 290 1866 345 oczclina

157 412 462 472 nunquam
526 407 748 471 porosa
793 400 883 445 est
912 432 930 460 ‚
978 385 1486 467 quemadmodum
1553 387 1870 468 proprium

147 496 366 575 por-itis
412 504 544 566 est,
581 501 761 569 atque
808 508 1014 546 omnes
1061 486 1270 546 ramuli
1316 501 1587 546 centrum
1625 489 1865 570 propri-

156 617 258 652 um
321 591 581 664 habent,
646 610 760 648 nec
806 611 940 648 cum
1003 590 1309 671 praecipuo
1356 587 1862 648 confundendum.

157 696 290 753 Hoc
315 707 586 753 centrum
616 688 850 749 videtur
879 703 1250 764 excavatum,
1278 704 1488 749 contra
1525 689 1670 749 illud
1702 689 1865 772 quod

160 795 542 855 observamus
588 793 649 849 in
695 792 928 865 caeteris
969 789 1331 873 generibus:
1371 790 1512 849 nihil
1557 794 1742 874 igitur
1769 814 1864 852 su-

157 897 388 979 pererit
430 894 610 971 miri,
656 893 707 952 si
752 890 863 952 hoc
910 913 1097 975 genus
1140 891 1497 952 servandum
1539 913 1671 953 esse
1717 916 1863 954 con-

163 996 425 1057 tendam.

242 1098 537 1173 Quoniam
581 1117 725 1156 vero
775 1093 849 1154 de
885 1096 1208 1177 cricopora
1254 1117 1599 1155 sermonem
1640 1095 1865 1156 habere

158 1200 520 1259 instituimus
553 1245 570 1274 ,
614 1195 771 1279 juvat
812 1197 1344 1256 llIilne-Eldward
1386 1197 1736 1277 opinionem
1781 1218 1873 1255 re-

158 1299 318 1359 ferre
341 1346 359 1376 ,
406 1301 509 1380 qui
548 1312 719 1381 putat
744 1320 877 1356 cum
912 1300 1229 1379 spiropora
1259 1295 1681 1357 declinandam
1712 1296 1838 1357 fore
1857 1344 1877 1373 ,

160 1414 367 1460 notum
424 1413 622 1459 autem
694 1411 783 1458 est
837 1400 1158 1458 Blainvz'lle
1202 1400 1367 1482 prius
1403 1448 1421 1477 ,
1456 1401 1866 1459 Lamoaroax

168 1502 470 1585 posterius
517 1521 703 1582 genus
750 1501 1095 1559 instituisse.

243 1605 515 1662 Primum
559 1615 757 1660 autem
812 1623 1116 1660 ramorum
1173 1600 1597 1684 dispositiones
1668 1602 1867 1685 aliquo

156 1703 338 1764 modo
383 1706 444 1762 in
493 1703 654 1763 hisce
722 1701 1048 1785 generibus
1106 1704 1503 1779 conveniunt;
1565 1719 1864 1787 praeterea

155 1807 281 1866 sive
328 1804 598 1864 attendas
644 1803 864 1887 figuras
904 1852 923 1881 ,
971 1825 1117 1885 quas
1163 1803 1364 1863 retulit
1408 1807 1815 1866 Lamom'oux·
1853 1855 1870 1882 ,

154 1908 278 1967 sive
340 1907 636 1966 rationum
698 1919 1001 1964 momenta
1063 1903 1136 1963 ab
1184 1904 1400 1964 eodem
1447 1904 1663 1982 allata,
1728 1906 1871 1965 dum

156 2030 328 2068 suum
373 2028 559 2091 genus
628 2007 1024 2090 composuit,
1085 2005 1295 2066 fallere
1354 2029 1476 2066 non
1535 2021 1736 2090 potest
1793 2009 1868 2068 de

158 2108 373 2170 eodem
417 2131 640 2192 genere
694 2123 1016 2190 utrumque
1062 2110 1346 2169 sensisse.

237 2212 337 2270 Ait
379 2212 786 2270 Lamozcr‘ozcx
813 2207 887 2268 de
939 2213 1260 2291 spiropom
1283 2258 1299 2286 ‚
1339 2209 1712 2293 polyparium
1766 2235 1865 2272 co-

157 2313 435 2395 gnovisse
464 2309 788 2394 lapideum,
819 2332 1143 2382 ramosum,
1170 2312 1337 2393 poris
1368 2314 1682 2390 munitum,
1713 2312 1871 2372 linea

160 2412 363 2496 spirali
408 2412 711 2496 dispositis
741 2459 758 2487 ,
824 2434 959 2470 raro
1017 2411 1558 2487 transversalibus3
1629 2414 1866 2474 cellulas

160 2513 372 2574 itidem
410 2528 572 2573 extus
619 2513 941 2596 productas
981 2512 1206 2573 habere
1234 2562 1251 2591 ,
1296 2513 1657 2596 tubulosque
1705 2539 1866 2575 com-

163 2636 391 2698 ponere
421 2614 738 2698 parallelos
768 2664 789 2688 ,
821 2614 1116 2698 gradatim
1154 2630 1525 2694 attenuat083
1565 2619 1621 2675 in
1653 2616 1868 2676 lineam

163 2716 445 2801 spiralem
503 2718 719 2775 exitum
782 2716 1053 2793 habere3
1122 2732 1464 2800 aperturam
1523 2718 1870 2778 cellularum

159 2817 538 2879 rotundatam
585 2839 735 2878 esse.
761 2817 932 2877 Idem
959 2817 1146 2878 ferme
1194 2821 1272 2878 ait
1300 2821 1644 2891 Blainvz'lle,
1676 2819 1865 2879 addit-

165 2941 280 3001 que
326 2919 475 2978 nihil
521 2919 707 2996 aliud‚
747 2943 923 3002 quam
972 2920 1327 3001 cylindricos
1373 2943 1569 2980 ramos
1617 2920 1865 2996 adesse,

167 3035 373 3081 tenues
421 3020 722 3080 alveorum
782 3022 1003 3082 formas
1052 3021 1418 3083 exhibentes.
1475 3023 1611 3082 Non
1658 3021 1870 3104 injuria

165 3125 364 3204 itaque
393 3122 521 3183 haec
568 3125 876 3206 componit
917 3125 1501 3200 lllllne-Eldwarcls,
1550 3127 1630 3186 ita
1671 3140 1868 3186 tamen

181 3252 253 3305 (1)
286 3253 546 3295 Lamoroux.
583 3253 775 3309 Exposit.
812 3254 1004 3296 method.
1036 3268 1133 3309 pag.
1169 3255 1235 3295 85.
