2324 3631
1778 220 1885 256 201

201 307 382 365 Lullo
414 324 566 362 anno
622 299 773 360 1235
801 348 818 376 ,
865 299 1146 381 cujusque
1180 297 1327 357 odor
1366 309 1686 379 penetrans
1716 311 1896 377 atque

203 404 344 463 dum
389 406 451 462 in
495 405 858 481 inorganicis
902 401 1211 458 maximam
1271 400 1385 456 vim
1433 400 1666 473 exerit,
1725 420 1897 478 orga-

201 508 333 564 nica
379 526 632 586 corpora
693 500 1084 560 labefactatur
1129 498 1745 579 (1).Efferveseente
1792 519 1896 554 na-

201 622 331 666 tura
386 604 550 685 hujus
620 602 828 678 acidi,
876 601 1100 660 cellulae
1159 600 1333 681 paulo
1394 614 1557 682 post,
1602 597 1893 657 flexibiles

199 705 489 780 evadunt,
529 717 708 784 atque
758 704 1016 785 penitius
1057 701 1320 759 indolem
1377 699 1541 781 hujus
1606 699 1902 782 polyparii

206 808 443 888 assequi
488 807 700 886 potuit.

285 908 550 964 Primum
589 906 798 963 enituit
832 902 1182 962 membrana
1228 904 1592 962 constituens
1643 900 1901 977 cellulaS,

205 1029 352 1088 quas
400 1009 847 1088 conspicimus;
911 1007 968 1062 in
1013 1027 1250 1086 unaque
1316 1003 1520 1062 cellula
1584 1017 1903 1085 apparatus

207 1108 525 1191 digestivus
573 1106 924 1166 videbatur:
967 1112 1135 1165 sacci
1179 1120 1461 1187 apertura
1515 1104 1703 1163 soluta
1748 1103 1905 1162 vide-

205 1210 384 1268 batur
429 1231 496 1267 ex
541 1208 807 1267 calcarea
852 1210 1104 1265 materia
1132 1254 1154 1278 ,
1201 1221 1379 1286 atque
1418 1205 1767 1263 membrana
1806 1203 1905 1263 ad-

212 1332 356 1369 nexa
401 1331 537 1367 cum
584 1311 793 1389 vagina
833 1307 1199 1366 tentaculari.

289 1412 379 1469 Ita
424 1409 556 1485 ille,
602 1424 666 1467 ut
710 1409 1002 1492 probaret
1047 1407 1305 1483 cellulas,
1346 1409 1401 1465 in
1450 1405 1663 1487 quibus
1698 1403 1913 1465 adsunt

206 1512 409 1595 polypi
427 1510 697 1569 escham?
722 1510 1155 1591 atquqflccscrce,
1171 1511 1456 1589 integram
1478 1509 1907 1589 partemipsius

209 1614 521 1671 animantis
555 1614 954 1684 constituere,
1003 1626 1178 1691 atque
1226 1609 1602 1692 polyparium
1629 1607 1905 1666 conside-

210 1713 462 1771 randum
539 1735 668 1772 esse
739 1727 1020 1793 tanquam
1084 1711 1444 1792 peculiarem
1511 1708 1913 1768 conditionem

211 1814 501 1897 generalis
542 1814 989 1895 tegumentariae
1022 1811 1384 1872 membranae
1416 1810 1806 1892 polyporum,
1847 1830 1913 1869 ex

213 1938 470 1997 quorum
515 1937 628 1998 ope
656 1962 669 1988 ,
718 1930 895 1996 atque
935 1914 1223 1972 industria
1270 1927 1518 1971 constat.

296 2020 389 2076 An
434 2018 838 2095 verofliistr‘oe
875 2017 1131 2099 polypus
1165 2015 1386 2096 polleat
1420 2014 1695 2074 facultate
1734 2021 1916 2098 respi-

215 2123 466 2179 rationis
495 2121 550 2176 in
581 2120 1044 2177 controversiam
1078 2117 1392 2175 adducitur
1414 2165 1430 2192 ,
1471 2132 1648 2197 atque
1688 2107 1918 2176 certum

217 2235 327 2296 est,
378 2223 427 2279 si
457 2221 760 2278 Lamarel:
799 2219 1126 2295 audiamus,
1162 2242 1276 2276 non
1325 2221 1577 2300 reperiri
1607 2217 1718 2276 hoc
1744 2241 1917 2301 orga-

216 2344 358 2380 num
387 2368 403 2396 ,
443 2336 640 2380 tamen
671 2323 1203 2381 [Nilne—Edwards
1244 2336 1412 2404 putat
1476 2324 1533 2379 in
1566 2321 1779 2379 eodem
1811 2345 1917 2403 ap-

219 2437 431 2505 paratu
476 2422 765 2501 digestivo
798 2425 1053 2505 reperiri
1102 2437 1451 2505 apparatum
1489 2427 1918 2504 respirationis.

300 2525 414 2581 Pro
463 2540 626 2582 certo
665 2517 895 2584 videtur
924 2527 982 2582 in
1020 2526 1308 2584 Antozois
1356 2527 1705 2606 neutiquam
1740 2546 1919 2607 repe-

219 2626 321 2682 riri
370 2623 701 2706 hujusmodi
767 2649 1102 2708 organum,
1171 2627 1266 2684 vel
1333 2626 1643 2708 quidpiam
1684 2675 1702 2703 ,
1765 2624 1927 2708 quod

221 2725 475 2785 eundem
522 2726 797 2785 effectum
844 2750 1022 2809 agere
1069 2731 1305 2810 possit,
1367 2751 1503 2786 nam
1564 2751 1698 2788 eum
1750 2729 1925 2785 unica

224 2843 501 2909 apertura
549 2830 917 2905 inveniatur,
966 2844 1024 2888 et
1061 2831 1502 2912 simplicissima
1542 2830 1802 2911 alioquin
1851 2830 1926 2886 sit

224 2929 435 2989 horum
485 2929 844 3013 polyporum
890 2946 1118 3006 natura,
1169 2947 1228 2991 et
1288 2932 1547 3014 speciale
1606 2955 1727 2991 non
1775 2930 1932 2989 adsit

241 3189 562 3245 (1)Elementi
613 3189 656 3229 di
709 3190 897 3232 chimica
944 3192 1010 3230 dcl
1059 3190 1160 3233 Cav.
1209 3192 1260 3232 V.
1317 3190 1565 3232 Michelotti
1605 3190 1772 3231 Torino
1834 3189 1931 3229 1831

359 3264 439 3303 vol.
478 3278 491 3302 1
528 3280 627 3320 pag.
665 3265 756 3304 23³.
