2324 3631
1800 202 1910 260 125

213 325 244 361 a
292 297 509 381 Goldfo
551 305 963 370 memoratum,
1001 295 1161 353 inter
1195 299 1560 373 sarcinulas3
1605 318 1741 356 nam
1778 297 1907 361 haec

209 402 442 482 species
488 420 626 457 vera
671 409 762 455 est
830 409 1069 455 astroea.
1114 395 1512 456 Idemdicito
1567 397 1642 457 de
1687 413 1909 461 astroea

207 501 550 581 hoexagona
588 547 606 576 ,
678 495 1115 557 adamantinam
1155 519 1402 580 prorsus
1447 497 1714 561 referens
1760 503 1907 560 ima-

211 604 430 685 ginem.

292 705 381 761 Ex
417 712 665 783 recepta
698 712 895 759 autem
925 700 1113 782 praxi,
1128 699 1512 778 favastroeczm
1535 725 1647 786 pro
1657 705 1917 787 favosz‘te

208 802 425 862 habeto
462 848 480 877 ,
547 800 652 860 ubi
699 800 898 860 tamen
957 800 1476 862 demonstraretur
1520 828 1653 865 cum
1674 807 1915 890 favosi-

206 906 361 964 tibus
409 904 765 962 convenire:
812 903 860 960 si
907 900 1038 961 haec
1080 905 1398 963 conventio
1445 906 1605 965 inter
1651 907 1769 969 duo
1815 933 1914 994 ge-

211 1028 355 1065 nera
401 1002 640 1063 deficiat
674 1050 691 1079 ,
713 1002 1112 1086 favastroeam
1156 1004 1453 1065 servabo:
1500 1021 1560 1066 at
1602 1009 1705 1068 ubi
1722 1012 1917 1090 sava-

209 1120 417 1167 stroeas
450 1126 752 1165 servemus
776 1151 793 1180 ‚
832 1103 1015 1164 multo
1060 1107 1279 1188 potiori
1317 1109 1550 1167 ratione
1592 1109 1916 1173 dicendum

209 1222 328 1282 est,
373 1206 852 1266 str‘ombastroeas
880 1253 902 1277 ,
949 1220 1009 1265 et
1041 1212 1408 1266 cellastroeczs
1455 1208 1904 1293 distinguendas

209 1330 381 1384 esse,
439 1305 818 1391 utpotequod
861 1308 925 1365 in
970 1308 1037 1367 iis
1086 1306 1230 1366 nihil
1276 1308 1685 1373 desideramus
1732 1337 1907 1374 accu-

210 1411 391 1470 ratius
416 1408 492 1468 ad
514 1430 717 1468 veram
745 1421 1103 1468 astroeccram
1129 1408 1388 1469 indolem
1421 1415 1915 1477 constituendam.

289 1513 424 1571 Non
505 1510 696 1569 levem
762 1525 960 1569 tamen
1023 1510 1262 1571 laudem
1332 1517 1553 1573 meruit
1604 1518 1919 1580 Blainville

213 1615 272 1671 in
321 1611 718 1672 vindicatione
775 1625 1132 1671 astroearum
1191 1615 1345 1673 inter
1401 1615 1853 1701 cyatlzophyllia
1885 1646 1918 1682 a

210 1713 434 1795 Goldfo
477 1711 716 1770 inducta
742 1759 759 1788 ,
806 1734 938 1793 quae
983 1734 1136 1771 verae
1181 1728 1318 1772 sunt
1359 1730 1607 1777 astroeoe.

291 1815 486 1888 Quum
515 1815 695 1873 totius
727 1810 902 1894 hujus
939 1814 1140 1895 operis
1170 1813 1622 1879 fundamentum
1663 1820 1736 1879 ad
1773 1845 1916 1905 geo-

207 1915 379 1998 logiae
427 1913 818 1988 documenta,
866 1913 1086 1996 quibus
1134 1915 1606 1979 adnumerantur
1651 1923 1916 2008 zoophy-

209 2030 409 2076 torum
453 2017 704 2099 vestigia
735 2037 845 2094 ,se
890 2038 952 2076 se
998 2016 1220 2078 referat
1256 2068 1274 2096 ,
1321 2020 1428 2081 abs
1475 2044 1540 2082 re
1586 2046 1705 2084 non
1753 2030 1914 2106 erit,

211 2117 576 2202 singuiarem
650 2132 830 2199 atque
899 2117 1089 2179 ferme
1156 2120 1490 2204 neglectam
1561 2139 1920 2190 astrcearzcm

208 2219 516 2281 historiam
560 2222 869 2304 prosequi.

294 2323 592 2382 Constans
650 2324 710 2381 in
776 2324 982 2406 primis
1029 2325 1319 2409 geologiae
1362 2329 1664 2390 cultorum
1710 2335 1911 2416 opinio

215 2437 307 2483 est
331 2470 348 2499 ,
385 2439 634 2484 ascraeus
673 2423 748 2483 ad
786 2426 1103 2508 primaevas
1133 2441 1337 2488 aetates
1376 2429 1725 2494 referendas
1765 2456 1918 2515 esse,

210 2525 273 2582 in
334 2524 552 2606 quibus
599 2540 858 2586 testacea
901 2528 1288 2610 reperiuntur
1326 2554 1337 2590 :
1384 2530 1553 2613 hujus
1599 2536 1686 2594 rei
1731 2549 1914 2597 testes

211 2624 499 2687 habemus
578 2627 969 2688 De-lccBeelze
1007 2676 1031 2701 ,
1109 2632 1274 2692 Bova
1311 2680 1334 2705 ,
1412 2636 1607 2695 Rozec
1641 2684 1664 2710 ,
1744 2637 1913 2699 alios·

214 2748 332 2809 que
372 2727 396 2807 <
413 2728 485 2808 ¹)-

226 2963 298 3019 (1)
328 2964 508 3005 Manuel
538 2965 597 3005 du
630 2965 792 3020 geolog.
824 2980 903 3020 par
936 2964 1071 3006 De-la
1101 2967 1245 3008 Beche
1273 2984 1374 3026 pag.
1407 2970 1503 3012 510.

335 3037 563 3079 Dictionn.
597 3039 669 3079 des
701 3039 857 3081 scienc.
891 3046 1037 3082 natur.
1073 3050 1168 3081 tom.
1204 3042 1258 3097 39
1286 3059 1386 3100 pag.
1421 3059 1514 3101 279.

338 3109 486 3153 Guidc
517 3112 568 3153 de
600 3112 762 3166 geolog.
798 3127 945 3168 voyag.
981 3129 1068 3168 pas.
1102 3115 1201 3155 Ami
1231 3118 1359 3159 Βονό.

340 3184 492 3225 Traite
525 3185 723 3226 clement.
756 3188 810 3227 de
842 3188 1002 3242 ge'olog.
1036 3203 1112 3242 par
1143 3190 1288 3230 Rozet.

350 3256 512 3310 Organ.
547 3259 747 3302 remains.
780 3258 909 3303 Auct.
944 3261 1202 3304 Parla'nson.
