2324 3631
422 195 532 233 122

410 289 658 336 astroeas
722 296 1118 360 provocemus
1187 282 1582 352 sarcinulas,
1662 281 1753 340 vel
1784 282 2124 364 savosit653

413 391 599 459 quum
617 378 918 460 savosc’tes
964 377 1246 438 alveolata
1292 381 1386 440 sit.
1462 438 1465 442 ,
1536 444 1540 447 ,

495 480 720 537 Summi
767 494 963 538 autem
1008 483 1300 541 momenti
1348 496 1477 558 est,
1524 487 1583 543 in
1645 490 1878 544 astroeis
1923 487 2124 546 oscula

410 594 641 640 tantum
710 582 768 639 in
837 580 988 639 facie
1052 585 1351 665 superiori
1405 605 1766 662 secernere,
1812 585 1871 645 id
1917 603 2124 647 contra

407 684 698 764 contingit
742 684 803 740 in
850 688 1199 757 sarcinulz‘55
1245 684 1307 743 id.
1349 685 1652 747 mehercle
1698 690 1969 772 exposcit
2017 687 2123 748 hu-

409 781 496 864 jus
545 783 837 866 polyparii
886 783 1234 868 dispositio,
1281 801 1347 847 ut
1391 788 1594 872 polypi
1646 790 1914 849 inferiori
1954 805 2125 873 parte

411 898 578 943 certo
624 885 805 944 modo
852 888 1013 946 inter
1056 908 1120 947 se
1169 887 1634 972 conjungantur,
1681 891 1844 973 quod
1889 893 1946 950 in
1990 914 2124 952 sar-

404 989 628 1045 emulis
675 989 970 1047 affirmare
1016 1011 1136 1047 non
1163 989 1380 1048 audeo·
1425 991 1598 1050 Ratio
1639 1007 1940 1074 praeterea
1983 992 2124 1052 bre-

401 1088 625 1160 vitatis,
671 1111 787 1170 qua
820 1088 1059 1148 donatae
1107 1105 1244 1150 sunt
1287 1103 1501 1151 astrece
1531 1093 1588 1150 in
1632 1115 1836 1151 eorum
1880 1093 2123 1169 tubuliS‚

406 1186 541 1248 huic
589 1206 941 1273 argumento
987 1191 1272 1275 majorem
1319 1195 1476 1270 vim,
1524 1209 1583 1255 et
1620 1194 1855 1277 pondus
1902 1195 2125 1256 addere

405 1291 670 1367 videtum
717 1295 779 1353 ni
827 1296 987 1353 enim
1032 1294 1091 1353 hi
1125 1294 1310 1354 tubuli
1359 1310 1561 1356 essent
1602 1295 1850 1374 breves,
1897 1297 2124 1376 adnexi,

411 1415 478 1452 ex
521 1418 640 1454 uno
674 1410 904 1454 tantum
935 1397 1121 1455 latere
1152 1399 1499 1479 perspicui,
1544 1420 1726 1457 unum
1769 1398 2122 1459 fundamen-

410 1509 536 1553 tum
602 1495 891 1556 deficeret
936 1500 1253 1580 proposito
1302 1500 1530 1581 generi.
1577 1501 1791 1581 Itaque
1838 1499 2002 1581 quod
2046 1502 2126 1560 ait

398 1598 738 1671 Lamar‘cls,
784 1599 861 1658 ad
905 1612 1137 1659 astroeoe
1183 1622 1370 1683 genus
1404 1599 1801 1678 servandum,
1847 1604 2117 1684 integre,

406 1714 693 1782 casteque
761 1701 1220 1762 custodiendum
1293 1724 1424 1762 esse
1493 1717 1769 1785 putamus
1810 1751 1828 1780 ,
1875 1718 2120 1764 eatenus

410 1816 704 1882 quatenus
751 1802 811 1861 id
833 1805 1106 1887 exposcit
1151 1802 1386 1863 indoles
1421 1804 1755 1887 polyparii,
1804 1804 1968 1886 quod
2012 1804 2123 1865 sub

407 1916 638 1963 astroece
683 1906 924 1964 nomine
970 1906 1148 1964 venit.

494 2005 731 2063 Animal
798 2020 997 2065 autem
1042 2006 1407 2089 hydriforme
1456 2020 1595 2083 est,
1641 2006 1868 2085 breve,
1908 2007 1982 2066 ad
2027 2031 2127 2090 cy·

404 2106 584 2165 lindri
632 2107 1084 2167 similitudinem
1129 2110 1532 2191 compositum
1570 2132 1584 2186 3
1626 2130 1730 2168 ore
1776 2109 2125 2182 rotundatoy

409 2210 469 2267 in
519 2209 669 2269 disci
719 2224 930 2269 centro
975 2212 1263 2293 reposito.

493 2312 810 2371 Tentaculi
855 2312 1118 2390 breves;
1164 2316 1386 2396 pauci,
1431 2313 1734 2396 simplices
1765 2360 1782 2388 ,
1830 2312 2124 2396 disjuncti.

406 2415 580 2473 Licet
627 2435 694 2473 ex
734 2415 916 2496 Quos
962 2430 1022 2474 et
1053 2417 1366 2497 Gaymard
1408 2416 1951 2491 observationibus,
1997 2414 2125 2476 haec

411 2519 754 2600 accepimus
803 2517 877 2576 de
925 2517 1130 2601 polipo
1199 2531 1429 2578 astroeoe
1460 2547 1483 2592 ,-
1528 2539 1706 2577 nemo
1762 2532 1961 2577 tamen
2004 2540 2125 2577 non

397 2616 569 2676 -videt
613 2618 796 2678 multa
870 2640 1188 2701 superesse
1216 2669 1234 2698 ,
1276 2620 1435 2680 unde
1483 2619 1906 2702 dignoscamus
1954 2641 2124 2679 veros

412 2717 794 2780 characteres
843 2721 1194 2804 polyporum
1226 2771 1243 2799 ‚
1292 2724 1394 2805 qui
1440 2721 1652 2782 incolae
1702 2736 1838 2782 sunt
1881 2735 2122 2783 astroea-

410 2844 590 2893 rum,
637 2822 711 2882 ad
777 2824 1138 2884 zoccntlzaira
1221 2826 1632 2907 pertinenteS,
1681 2824 1947 2905 quamvis
2013 2822 2124 2882 hoc

412 2925 712 3007 singulare
759 2927 818 2984 in
855 2941 1084 2985 ascroece
1115 2925 1340 3009 polypo
1387 2926 1723 3007 reperiam,
1770 2923 1934 3006 quod
1980 2948 2125 3006 pau-

417 3028 501 3085 cis
548 3029 624 3086 sit
664 3028 976 3088 tentaculis
1006 3030 1328 3089 instructus
1352 3075 1369 3102 ‚
1417 3041 1626 3086 contra
1672 3050 1739 3085 ac
1773 3027 1867 3084 alii
1900 3025 2125 3109 polypi,

413 3129 515 3210 qui
560 3128 769 3189 iisdem
806 3130 993 3190 ferme
1026 3131 1348 3214 polypariis
1376 3129 1655 3205 insident,
1690 3128 1766 3188 ad
1796 3128 1948 3187 hanc
1982 3128 2126 3188 clas-

414 3253 540 3292 sem
586 3231 803 3295 relatis.
851 3232 1155 3316 Quidquid
1202 3235 1318 3313 sit,
1364 3235 1599 3316 potiora
1646 3230 2079 3296 desideramus.
