2324 3631
418 193 534 230 202

407 294 721 356 organum,
755 295 950 354 neque
983 269 1296 355 probabile
1332 285 1441 347 est,
1474 271 1684 331 adesse
1722 269 1864 330 illud
1894 271 1966 333 de
1996 293 2116 355 quo

413 377 723 455 quaeritur.

487 477 576 535 De
619 478 894 534 Bt’iozois
927 472 1173 532 validior
1204 488 1295 532 est
1340 495 1537 534 sermo
1569 499 1584 551 3
1633 496 1768 533 cum
1799 476 1961 534 enim
1992 497 2111 535 non

404 599 523 635 una
569 579 799 635 ratione
867 589 1092 634 tantum
1153 589 1361 633 natura
1408 576 1718 636 consulere
1764 571 1931 635 hisee
1977 574 2115 635 fun-

401 677 698 736 ctionibus
770 677 1003 753 valeat,
1050 698 1357 759 quumque
1409 676 1636 760 duplici
1697 692 1979 761 apertura
2012 702 2115 761 po-

397 781 621 837 tiantur
658 778 861 860 polypi
889 827 905 854 ,
945 780 1048 859 qui
1081 781 1140 837 in
1174 777 1280 836 hac
1311 780 1559 838 veniunt
1597 781 1866 839 sectione
1888 828 1905 856 ,
1937 794 2115 861 atque

399 881 460 937 in
492 878 853 960 quibusdam
892 881 1070 938 etiam
1101 901 1423 938 nervorum
1456 894 1776 962 apparatus
1806 879 2112 953 videatur,

398 981 547 1040 nihil
592 981 1026 1063 impedimento
1069 997 1180 1058 est,
1230 1004 1337 1041 cur
1361 1003 1650 1063 organum
1696 997 1959 1042 anatura
1998 985 2115 1065 pri-

393 1085 571 1142 mitus
626 1084 868 1142 insitum
927 1104 1362 1166 praesumamus
1409 1082 1620 1142 adesse
1669 1085 1730 1141 in
1775 1086 2052 1145 Briozois
2091 1131 2110 1161 7

393 1186 628 1266 quoties
674 1186 911 1266 potiora
958 1206 1179 1267 organa
1225 1182 1434 1242 adesse
1480 1184 1614 1265 ipsa
1658 1183 1830 1243 nobis
1885 1183 2106 1244 docuit.

480 1286 636 1344 Hinc
667 1284 1172 1366 quemadmodum
1206 1289 1548 1344 sertzclam‘oe
1567 1306 1860 1344 summam
1887 1285 2112 1346 habent

401 1410 537 1446 cum
580 1386 789 1467 hydr-is
837 1388 1185 1444 affinitatem
1217 1434 1234 1462 ,
1264 1388 1343 1444 ita
1361 1386 1599 1463 flastra
1640 1401 1700 1446 et
1742 1386 1999 1446 escham
2047 1409 2114 1448 ex

393 1490 463 1547 iis
509 1503 646 1547 sunt
690 1486 1010 1569 generibus
1043 1535 1061 1564 ,
1109 1509 1244 1569 quae
1291 1486 1366 1546 ad
1409 1489 1676 1546 aseidias·
1738 1490 2101 1571 compositas

398 1588 713 1648 accedunt.

473 1693 777 1751 Caeterum
823 1691 1031 1751 cellula
1090 1693 1220 1773 ipsa
1265 1713 1387 1750 non
1442 1690 1680 1751 videtur
1725 1705 2001 1751 constare
2045 1713 2113 1751 ex

392 1796 590 1853 stratis
640 1795 1033 1876 suprapositis
1064 1841 1081 1869 ,
1128 1791 1236 1852 sed
1266 1814 1333 1852 ex
1379 1792 1780 1875 prysmatibus
1812 1793 2102 1876 irregula-

395 1895 559 1954 ribus
581 1942 598 1970 ,
630 1895 1175 1978 perpendiculatim
1199 1896 1488 1977 appositis
1523 1896 1681 1953 circa
1709 1893 2107 1977 superficiem.

479 1997 690 2071 Quoad
721 1997 1034 2079 operulum
1075 1996 1237 2078 quod
1282 1995 1584 2056 includere
1612 1997 1862 2055 inservit
1907 1999 2106 2080 ipsum

394 2098 683 2182 polypum
717 2098 858 2158 dum
888 2102 946 2157 in
975 2098 1248 2157 cellulam
1286 2119 1350 2157 se
1398 2119 1460 2157 se
1495 2100 1735 2180 recipit,
1773 2096 1917 2156 nihil
1952 2097 2109 2157 aliud

398 2215 527 2277 est,
574 2223 751 2281 quam
799 2200 953 2282 plica
985 2199 1211 2259 labialis
1237 2247 1254 2274 ,
1320 2197 1481 2281 cujus
1521 2201 1724 2282 portio
1763 2200 2105 2282 marginalis

390 2300 749 2361 soliditatem
795 2324 1077 2360 corneam
1109 2301 1462 2385 adipiscitur
1489 2325 1503 2377 3
1549 2302 1654 2360 ubi
1679 2301 1946 2361 cohaeret
1972 2324 2108 2361 cum

395 2405 658 2486 generali
718 2403 1109 2482 membrana,
1168 2405 1358 2464 mollis
1421 2403 1613 2463 adhuc
1668 2418 1777 2479 est,
1828 2403 1987 2463 unde
2052 2406 2107 2464 vi

395 2506 799 2566 musculorum
838 2509 1050 2589 pariat.

473 2609 715 2668 Potiora
741 2609 814 2667 ad
833 2609 1117 2693 polypum
1144 2610 1528 2691 pertinentia,
1554 2610 1655 2690 qui
1672 2608 1746 2668 ad
1780 2608 2100 2668 esclzccram

396 2724 455 2770 et
500 2712 940 2793 propinquiora
986 2733 1207 2793 genera
1255 2713 1538 2793 pertinet,
1597 2713 1668 2770 iis
1716 2710 2104 2793 relinquimus

393 2814 498 2893 qui
553 2812 778 2894 degunt
832 2815 889 2871 in
949 2815 1129 2895 ipsius
1190 2816 1367 2873 maris
1434 2812 1723 2872 limitibus
1762 2861 1780 2889 ,
1846 2812 2102 2893 ideoque

392 2937 513 2972 non
560 2913 736 2973 modo
782 2914 930 2973 italis
979 2916 1255 2975 naturalis
1302 2914 1566 2976 historiae
1614 2913 1939 2974 cultoribus
1987 2912 2102 2972 hoc

392 3037 603 3074 munus
645 3016 954 3099 impendit,
1001 3016 1107 3076 sed
1138 3017 1321 3075 multo
1362 3018 1583 3099 potiori
1617 3019 1844 3074 ratione
1877 3017 1965 3092 iiS,
2000 3016 2100 3096 qui

391 3117 549 3174 inter
596 3138 692 3175 eas
761 3133 964 3177 orentes
1025 3120 1396 3194 consistunt,
1467 3140 1600 3199 quae
1662 3139 1796 3176 cum
1842 3115 2100 3175 colonias

759 3164 793 3199 t)

393 3218 590 3294 variis,
657 3217 1079 3300 ditissimisque
1148 3219 1338 3301 plagis
1393 3269 1405 3294 ,
1455 3218 1824 3301 possideant,
1872 3216 2099 3276 idcirco
