2324 3631
1790 173 1897 255 167

204 292 506 330 ramorum
567 271 1016 354 dispositionem
1083 272 1398 332 conveniat
1457 291 1592 332 cum
1642 277 1903 351 porit63

202 387 402 432 tamen
448 374 575 434 aliis
607 373 779 431 inniti
813 371 1185 433 documentis
1212 421 1230 450 ,
1275 395 1342 431 ac
1386 373 1658 432 innititur
1695 394 1903 454 geum,

205 473 369 556 quod
416 471 889 555 investigandum
936 476 1326 555 suscepimus.

284 578 376 635 De
413 580 785 659 pollicipora
830 574 947 656 jam
991 577 1322 635 notavimus
1365 574 1455 635 vel
1502 573 1578 634 ob
1625 575 1706 652 id,
1747 576 1910 658 quod

205 677 534 736 innumeris
595 677 758 758 poris
805 677 881 735 sit
932 677 1158 734 munita
1188 724 1205 752 7
1270 674 1434 757 quod.
1478 675 1662 736 stellae
1707 698 1909 758 neque

207 778 508 859 aequaleS,
552 798 753 858 neque
792 775 1036 836 seriales
1076 778 1239 852 sint,
1276 778 1397 834 imo
1438 776 1605 857 quod
1640 776 1732 836 vel
1759 779 1907 860 ipsae

201 878 390 938 stellae
438 879 735 936 immersae
796 890 975 958 atque
1021 875 1340 958 profundae
1387 876 1700 936 videantur
1736 925 1754 955 ,
1819 877 1906 937 di-

203 992 362 1038 stare
418 1002 451 1037 a
499 982 718 1061 perite.
781 978 871 1036 De
927 979 1294 1059 madrepora
1361 998 1602 1059 quoque
1662 978 1908 1037 dubium

199 1080 540 1140 sustulimus
579 1126 597 1155 ‚
645 1079 786 1138 dum
831 1078 906 1138 de
942 1084 1313 1161 pollicipora
1362 1080 1588 1161 egimus
1623 1128 1641 1156 ,
1685 1081 1743 1138 in
1792 1103 1907 1162 qua

203 1202 338 1240 mox
381 1181 665 1240 notabam
728 1201 1091 1239 concurrere
1139 1201 1321 1260 poros
1368 1226 1386 1255 ,
1441 1194 1500 1238 et
1549 1181 1905 1261 irregulares

196 1280 393 1340 stellas
437 1304 451 1358 ;
508 1280 651 1340 licet
697 1283 1053 1361 ceteroquin
1100 1293 1159 1338 et
1204 1279 1315 1338 hoc
1362 1279 1664 1361 peculiare
1711 1281 1906 1358 adsit,

204 1382 370 1465 quod
413 1384 715 1465 margines
784 1380 1090 1441 stellarum
1148 1379 1465 1462 aliquando
1520 1383 1638 1441 sint
1680 1385 1904 1464 promi-

196 1483 318 1542 nuli
346 1530 364 1558 ,
412 1485 496 1543 uti
533 1483 867 1566 exemplum
898 1481 1186 1542 habemus
1226 1484 1286 1540 in
1322 1484 1685 1566 madrepora
1717 1485 1904 1543 abro-

201 1587 482 1646 tanoz‘des
510 1634 533 1659 ,
580 1599 760 1667 atque
810 1585 1131 1644 interstitia
1178 1583 1474 1643 diversam
1520 1583 1909 1665 praeseferant

204 1686 489 1746 indolem.

282 1790 434 1847 Cum
478 1800 877 1870 seryatopora
944 1785 1220 1869 conjungi
1268 1807 1449 1869 posse
1504 1792 1766 1870 porilem
1823 1811 1900 1848 ne

174 1891 330 1973 quis
379 1904 550 1973 putet
588 1911 602 1967 3
667 1911 806 1948 nam
837 1937 854 1967 ,
911 1911 1046 1948 cum
1091 1890 1153 1946 in
1199 1887 1314 1948 hoc
1361 1888 1776 1950 tantummodo
1824 1893 1905 1949 in-

196 1991 391 2052 sideat
408 1992 782 2074 praecipuum
801 2003 1216 2072 seryatoporoe
1243 1989 1718 2068 fundamentum,
1744 1992 1908 2073 quod

199 2091 425 2152 cellulae
472 2094 591 2152 sint
636 2093 804 2151 seriis
853 2092 1203 2151 transversis
1235 2137 1254 2166 ,
1302 2105 1399 2150 aut
1460 2091 1904 2174 longitudinali-

195 2192 308 2253 bus
370 2192 711 2268 ordinatae,
769 2215 883 2252 nec
948 2192 1082 2252 ideo
1151 2191 1549 2252 similitudinis
1610 2195 1906 2252 rationem

199 2294 411 2356 adesse
484 2295 803 2355 credimus.
871 2295 1094 2353 Mirum
1155 2295 1356 2375 itaque
1419 2294 1697 2373 videtur,
1744 2295 1909 2377 quod

197 2398 412 2456 asserit
455 2397 761 2456 Lamarcls
808 2394 1124 2471 dubitare,
1171 2418 1246 2454 an
1291 2396 1488 2456 stellas
1538 2417 1754 2479 reapse
1812 2418 1904 2455 ex-

195 2495 401 2556 hibeat
460 2511 858 2580 seryacopora
889 2545 907 2574 ,
967 2497 1469 2579 quemadmodum
1533 2496 1907 2557 demonstra·-

197 2611 337 2657 runt
397 2612 670 2658 auctores
731 2600 904 2681 ipsi,
943 2619 1093 2680 quos
1143 2600 1341 2658 citavit
1395 2601 1524 2680 ipse
1569 2599 1905 2673 Lamarelr,

198 2697 525 2781 cujusmodi
571 2714 662 2759 est
700 2701 900 2781 Esper
936 2747 954 2776 ,
1003 2701 1109 2781 qui
1156 2714 1216 2759 et
1259 2700 1514 2777 tabulis,
1562 2714 1621 2759 et
1677 2700 1906 2760 descri-

195 2801 502 2883 ptionibus
559 2800 865 2879 ostendit,
911 2823 1031 2860 non
1095 2804 1275 2862 modo
1324 2816 1628 2861 externam
1692 2823 1905 2884 super-

197 2900 395 2962 ficiem
436 2917 850 2987 seryatoporoe
896 2901 1078 2962 stellis
1128 2917 1439 2979 ornatam,
1486 2925 1689 2961 verum
1731 2903 1908 2961 etiam

197 3002 445 3086 cujusvis
503 3004 687 3065 stellae
747 3003 1004 3065 formam
1048 3004 1161 3084 (1).
1215 3006 1347 3066 Hoc
1403 3005 1583 3064 etiam
1629 3001 1908 3063 indicavit

211 3234 283 3289 (1)
313 3234 470 3290 Esper.
507 3234 660 3292 Suppl.
703 3251 736 3277 1.
771 3250 862 3291 pag.
910 3249 1002 3290 ¹09·
1034 3236 1120 3278 tab.
1162 3249 1224 3289 19.
