2324 3631
453 203 474 240 1
532 203 564 240 2

486 203 525 263 9
795 280 1247 334 LUNULITES
1314 282 1792 335 PERFORATA

1150 408 1430 446 MUNSTER

428 510 684 559 Lunulites
718 505 1085 574 cupelzsormis,
1123 507 1353 574 utrinque
1392 506 1544 555 sulcis
1560 508 1767 575 porosis
1804 508 2142 557 intersticiali-

500 599 588 647 bus
613 595 855 658 radiata,
890 594 1085 642 cellulis
1108 594 1483 642 orbiculat-ibus
1501 633 1513 657 ,
1541 595 1730 662 infin-ne
1756 597 1961 646 omnino
1987 612 2145 663 aper-

496 687 554 734 tis
581 721 595 747 ‚
626 700 836 751 superne
873 680 1079 749 orfficiis
1116 681 1427 729 centralibus
1457 685 1697 748 per-tusis.

465 771 701 838 Goldfus.
741 769 924 818 Petref.
964 769 1240 817 Germaniae
1269 806 1283 832 ⁷
1314 786 1438 836 pag.
1486 769 1597 819 106.
1635 771 1742 820 tab.
1781 773 1842 837 37
1877 768 1969 837 fig.
1992 769 2041 818 8.

458 857 924 909 Mane-Edwards.
961 857 1248 906 Auctarium
1287 856 1351 905 ad
1388 856 1565 907 Lamk.
1603 859 1699 908 vol.
1740 877 1767 907 2
1806 876 1928 926 pag.
1968 860 2084 908 320.

505 981 753 1041 Habitat
799 1025 813 1038 .
859 1024 874 1039 .
921 1024 934 1037 .
981 980 1308 1061 Reperitut·
1352 1000 1548 1061 prope
1593 980 1826 1039 Kassel.

511 1086 667 1143 Mus.
711 1080 911 1141 Berol.
954 1082 1170 1139 Vienn.

839 1198 1301 1252 LUNULITES
1359 1199 1717 1249 SULCATA

901 1326 1071 1364 Noms
1117 1304 1318 1384 (Tab.
1368 1305 1544 1388 7flg.
1600 1305 1677 1385 3)

421 1431 681 1483 Lunulites
714 1426 986 1494 depressa,
1021 1424 1180 1471 latere
1217 1424 1383 1473 altero
1433 1423 1679 1472 radiatim
1728 1425 1955 1487 sulcato,
1989 1426 2133 1491 poris

488 1515 889 1568 interstitialibus
948 1509 1238 1561 rotundatis
1282 1533 1301 1567 ,·
1367 1512 1535 1560 altero
1596 1513 1742 1560 costis
1800 1513 2135 1561 minutissimis

488 1615 729 1656 exarato-

507 1709 778 1770 Gradum
824 1706 956 1766 haec
1003 1706 1238 1788 species
1287 1704 1592 1763 constituit
1631 1701 1705 1762 ad
1760 1703 2132 1763 of‘balitem:

420 1829 630 1875 notum
676 1825 767 1872 est
811 1811 970 1868 enim
1009 1810 1067 1866 in
1105 1807 1359 1866 orbzclite
1399 1827 1760 1865 concurrere
1803 1828 1990 1889 poros
2038 1829 2128 1867 re-

420 1917 703 2001 gulariter
749 1913 1098 1994 dispositOS‚
1145 1924 1345 1990 atque,
1388 1930 1454 1967 ea
1503 1907 1894 1991 dispositione
1941 1908 2133 1968 sulco-

418 2042 554 2079 rum
601 2018 701 2100 qui
745 2014 1026 2074 recensiti
1056 2025 1194 2071 sunt
1239 2011 1326 2067 axi
1355 2058 1372 2086 ,
1419 2032 1644 2069 carere.
1692 2009 1845 2068 Illud
1884 2011 2131 2092 insuper

416 2119 751 2181 notandum
777 2115 1091 2177 orbcclitem
1120 2116 1541 2172 lenticzclcztczm
1572 2133 1757 2195 penes
1792 2134 1968 2194 quam
1994 2111 2128 2171 fun-

417 2224 765 2283 damentum
809 2217 994 2278 habet
1038 2237 1225 2298 genus
1272 2213 1344 2273 de
1393 2236 1511 2295 quo
1559 2215 1809 2295 agimus,
1856 2216 1913 2272 in
1947 2216 2125 2296 quin-

418 2347 670 2385 cuncem
736 2321 1196 2403 dispositionem
1268 2338 1561 2399 pororum
1617 2315 1840 2375 habere
1880 2364 1896 2393 ,
1964 2315 2127 2398 quod

404 2427 689 2510 profecto
736 2426 796 2482 in
843 2422 967 2481 aliis
1016 2420 1185 2481 deest
1229 2418 1566 2504 speciebus.
1626 2420 1899 2502 Apparet
1944 2419 2125 2502 igitur

416 2530 671 2615 gradum
716 2525 927 2586 adesse
973 2525 1032 2582 in
1075 2523 1332 2582 or‘bzclite
1380 2521 1454 2580 ad
1498 2526 1827 2580 lzcmclltem.

498 2633 713 2713 Inepte
746 2642 943 2686 autem
984 2627 1116 2707 quis
1155 2638 1571 2706 argumentum
1611 2622 1980 2700 deduceret,
2019 2622 2122 2682 ubi

411 2735 475 2793 in
508 2753 763 2792 concava
795 2726 1114 2810 superficie
1155 2724 1478 2785 discrimen
1505 2727 1800 2785 invenisse
1836 2724 2124 2801 traderet3

410 2857 550 2895 nam
597 2836 654 2892 in
706 2831 965 2890 orbzclite
1014 2828 1226 2887 eadem
1285 2827 1584 2888 sulcorum
1631 2825 1948 2908 dispositio
1996 2842 2118 2905 est,

409 2935 568 2995 unde
615 2935 792 2993 etiam
857 2932 1115 2991 eruimus
1184 2932 1409 3011 magis,
1475 2930 1786 3010 magisque
1845 2943 2114 2988 nostram

414 3035 657 3120 probari
703 3036 1061 3095 sententiam
1098 3080 1111 3106 ‚
1157 3055 1224 3092 ex
1271 3054 1387 3113 qua
1439 3028 1783 3088 divisionem
1830 3031 1986 3087 inter
2030 3036 2116 3088 [ιι-

409 3143 655 3196 tuditem
713 3151 772 3196 et
824 3137 1141 3197 orhalc‘tem
1171 3182 1192 3207 ,
1260 3149 1563 3214 tamquam
1609 3153 2114 3213 supervacaneam

409 3237 729 3322 rejicimus.
