2324 3631
408 166 525 240 204

396 281 754 342 contentus,
804 267 946 350 quid
977 267 1228 350 cujusvis
1277 272 1510 351 generis
1559 273 1798 331 nomine
1844 277 2097 352 veniret,

406 368 589 427 verbo
638 385 807 428 tenus
857 369 1312 428 custodiendum
1357 394 1487 431 esse
1534 371 1691 430 duxit
1728 374 1841 454 (1).

483 471 634 527 Sane
680 485 1056 552 compertum
1102 487 1189 530 est
1237 472 1471 532 cellulas
1519 476 1675 556 ipsas
1722 477 1937 533 mutari
1976 522 1998 546 ,
2042 491 2100 536 et

395 571 458 627 in
504 573 721 628 variam
768 586 1038 629 naturam
1085 576 1370 651 converti,
1417 591 1596 657 prout
1636 590 1776 634 aetas
1807 575 2099 659 polyparii

388 672 593 746 variat,
641 693 782 753 ergo
832 675 1012 732 totius
1063 673 1420 734 discriminis
1467 692 1839 736 momentum
1879 699 1948 736 eo
2005 700 2100 737 re·-

397 770 668 846 ducitur,
714 788 779 832 ut
824 774 1139 833 arbitraria
1180 779 1420 836 omnino
1467 781 1542 837 sit
1587 779 1889 838 distinctio
1936 800 2100 839 exco-

393 873 572 954 gitata
618 875 776 933 inter
821 876 1141 935 eselzaram
1170 926 1186 952 ,
1235 894 1412 960 atque
1434 880 1751 958 flustram.

417 1008 421 1011 <
478 976 907 1035 Verumtamen
952 981 1500 1040 [Wilne-Elclwards
1538 996 1725 1059 notat,
1768 981 1888 1041 duo
1918 997 2102 1042 strata

394 1075 458 1131 in
501 1076 761 1136 esclzara
828 1078 1036 1139 adesse
1069 1129 1086 1156 ,
1159 1083 1216 1138 in
1237 1081 1474 1158 flustra
1537 1105 1656 1141 non
1702 1084 1844 1142 item
1876 1131 1892 1160 ‚
1958 1105 2102 1165 ergo

394 1176 555 1235 aliud
585 1179 961 1238 sentiendum
992 1203 1121 1240 esse
1171 1183 1283 1262 (2).
1330 1183 1729 1243 Nihilominus
1762 1183 1853 1243 hic
1901 1187 2099 1267 operis

393 1279 656 1359 pretium
724 1296 814 1339 est
858 1304 1145 1341 renovare
1213 1299 1610 1367 praeceptum,
1657 1307 1775 1366 quo
1843 1288 2101 1344 innixum

393 1379 618 1439 induxit
662 1405 875 1440 novam
921 1385 1274 1442 divisionem
1321 1386 1663 1468 generalem
1708 1388 2100 1469 zoophytolo-

377 1485 539 1558 ἐνίας,
595 1504 775 1563 quam
844 1499 902 1543 et
965 1507 1070 1543 nos
1135 1489 1504 1567 praestantiae
1571 1486 1836 1568 ejusdem
1902 1509 2095 1549 causae

391 1585 580 1640 secuti
628 1606 826 1643 sumus
858 1632 874 1659 ,
920 1587 1223 1662 nimirum,
1270 1609 1390 1645 non
1454 1589 1727 1648 sufficere
1791 1587 2097 1672 polyparia

395 1681 469 1739 acl
519 1683 758 1746 idoneas
804 1687 1164 1748 inducendas
1213 1691 1559 1765 sectiones3
1608 1704 1667 1749 et
1712 1689 1973 1772 alioquin
2020 1736 2033 1749 .
2082 1737 2093 1749 .

397 1785 591 1858 Quum
634 1787 811 1846 hodie
857 1790 1040 1848 multo
1083 1793 1262 1849 satius
1311 1791 1666 1873 polyporum
1700 1794 2100 1872 cognitionem

391 1891 644 1947 assecuti
691 1892 895 1966 simus‚
933 1890 1174 1972 juvabit,
1218 1890 1369 1973 juxta
1406 1891 1756 1950 eorumdem
1789 1896 2050 1954 rationes
2080 1943 2095 1971 ,

396 2003 455 2047 et
499 2005 771 2050 naturam
797 2042 812 2069 7
860 1993 1294 2076 zoophytorum
1337 1993 1647 2052 historiam
1679 1994 1990 2055 enucleare
2019 2041 2031 2053 .
2080 2041 2094 2054 .

395 2093 671 2151 Jamvero
737 2109 795 2153 et
858 2098 986 2176 ipse
1050 2095 1233 2153 semel
1305 2097 1646 2176 iterumque
1699 2095 1967 2172 fatetur,
2034 2099 2095 2155 in

398 2196 554 2251 omni
603 2218 777 2254 causa
827 2197 1072 2279 polypos
1121 2199 1199 2256 ita
1245 2219 1307 2256 se
1357 2197 1578 2256 habere
1625 2199 1681 2255 in
1723 2197 1992 2257 esclzaris
2040 2214 2100 2259 et

384 2294 618 2367 flustris
644 2346 659 2372 ,
709 2297 1035 2380 itidemque
1077 2298 1273 2381 quoad
1304 2298 1546 2357 modum
1591 2301 1942 2358 incrementi
1976 2300 2095 2359 cel-

389 2396 673 2475 lularum,
700 2402 814 2482 'vel
862 2401 1059 2481 quoad
1093 2400 1333 2458 modum
1357 2448 1377 2472 ,
1423 2423 1541 2482 quo
1572 2416 1929 2460 evanescunt
1954 2401 2100 2461 nihil

401 2503 639 2558 omnino
673 2500 930 2561 (lil'serre.
964 2504 1021 2560 Si
1054 2505 1254 2583 itaque
1279 2523 1453 2583 sagax
1499 2502 1858 2585 polyporum
1884 2503 2095 2563 obser-

405 2616 572 2659 vator
602 2606 821 2662 notavit
855 2626 922 2661 ex
945 2606 1329 2662 animantium
1360 2619 1568 2662 natura
1583 2603 1948 2663 dimetienda
1969 2627 2100 2665 esse

400 2723 685 2783 generum
712 2705 1057 2763 discrimina
1084 2704 1611 2787 a13a1‘i9tlicemlu1n
1643 2705 1745 2763 ubi
1794 2707 2103 2788 polyparia

390 2804 622 2879 flccstt‘ce
639 2807 982 2866 ace-sellam?
999 2807 1216 2867 similes
1244 2810 1481 2865 omnino
1498 2810 1788 2889 recipiant
1826 2809 2097 2890 polyp08‚

405 2905 540 2964 ideo
569 2908 1000 2992 conjungenda3
1029 2912 1085 2967 ni
1113 2912 1169 2967 in
1198 2907 1764 2971 absurdislincidere
1790 2908 2098 2968 malumus.

404 3008 596 3086 Adde,
630 3012 791 3093 quod
838 3015 894 3070 in
941 3015 1303 3092 quincunees
1353 3012 1654 3093 dispositae
1700 3012 1818 3069 sint
1845 3009 2098 3089 cellulae,

409 3167 484 3224 (1)
516 3171 763 3210 Lamoroux
787 3206 795 3221 ,
828 3172 1095 3227 Exposition.
1132 3174 1320 3214 method.
1354 3188 1451 3228 pag.
1487 3172 1511 3225 4
1543 3178 1583 3211 οἱ,
1615 3172 1681 3225 sio.

424 3245 490 3300 (ε)
522 3246 678 3287 Anu-al.
714 3249 784 3288 dc>-
817 3248 971 3289 scic-nc.
1007 3255 1150 3289 natur.
1186 3249 1254 3288 eit.
1289 3250 1380 3289 Ioco
1413 3261 1509 3302 pag.
1550 3247 1608 3286 13.
