2324 3631
373 196 450 254 38

450 294 958 356 Distinctionibus
1006 299 1098 355 est
1135 294 1489 355 resolvenda
1522 298 1804 379 quaestiO,
1835 319 1970 356 nam
1996 296 2090 358 vel

367 399 492 481 agis
533 396 607 455 de
649 418 717 456 ea
753 398 1029 474 dolomia,
1069 417 1200 479 quae
1239 397 1716 457 cristallisatione
1756 400 2093 459 eminenter

368 499 555 582 pollet
601 513 660 558 et
706 499 1009 558 albissima
1053 514 1173 576 est,
1213 499 1304 559 vel
1347 498 1421 558 de
1469 500 1592 559 aliis
1640 502 1918 560 dolomz‘ae
1957 523 2088 583 spe-

370 600 616 677 ciebus3
664 603 831 685 prior
877 601 948 659 ad
990 610 1177 661 'strata
1234 623 1357 660 non
1411 599 1730 661 fossilifera
1783 604 2090 684 pertinere

365 703 581 785 procui
627 703 810 761 dubio
859 702 1075 778 debet3
1121 703 1285 785 quod
1332 705 1380 763 si
1426 717 1634 786 agatur
1678 704 1750 763 de
1799 702 1926 763 aliis
1975 706 2083 763 do·

366 809 560 863 Zomiis
596 806 680 862 uti
719 803 984 864 indicant
1024 819 1228 882 strata,
1261 828 1395 888 quae
1439 805 1664 864 eisdem
1703 805 1977 884 subsunt,
2006 808 2088 865 vi-

368 903 586 965 dentur
631 912 940 966 coliticam
987 921 1227 968 aetatem
1265 908 1626 991 praeseferre
1677 931 1860 990 quum
1916 909 2093 991 origi-

348 1028 488 1067 nem
527 1009 764 1090 igneam
802 1010 1437 1070 retineant-Caeterum
1456 1008 1586 1069 haec
1626 1025 1715 1068 est
1754 1011 2086 1070 communis

363 1109 571 1190 opinio
619 1132 754 1192 quae
802 1110 1069 1194 alioquin
1115 1113 1481 1196 refragatur,
1530 1111 1694 1195 quod
1748 1113 1810 1170 in
1857 1114 2083 1195 Spedia

367 1211 634 1270 Gnidom'
678 1214 916 1272 notavit.
964 1212 1143 1274 Unde
1190 1229 1550 1297 sequeretur
1593 1216 1643 1274 si
1691 1235 1856 1288 eum,
1902 1227 2085 1296 atque

363 1313 799 1373 De-la·Beclze
846 1314 1150 1376 audiamus
1197 1338 1372 1398 aeque
1419 1318 1720 1399 priorem,
1759 1339 1827 1375 ac
1877 1330 2082 1399 poste-

358 1416 583 1473 riorem
623 1418 892 1477 clolomz'oe
931 1432 1202 1477 naturam
1242 1417 1315 1476 ad
1354 1423 1664 1477 ooliticam
1701 1432 1945 1477 aetatem
1988 1419 2079 1475 in-

361 1514 816 1576 discriminatim
864 1521 1202 1601 pertinere3
1245 1519 1352 1578 sed
1391 1518 1503 1578 hoc
1542 1518 1688 1576 nihil
1731 1533 1892 1578 vetat
1939 1540 2082 1600 quo-

357 1619 551 1678 minus
598 1621 770 1680 variis
817 1621 1189 1705 temporibus
1234 1625 1495 1682 dolomia
1539 1621 1861 1705 prodierit,
1903 1635 2086 1704 atque

358 1733 543 1779 strata
589 1721 719 1804 plus
766 1725 1035 1783 minusve
1081 1727 1411 1784 vetustiora
1457 1725 1856 1807 occupaverit.

440 1822 643 1881 Nolim
691 1838 890 1884 tamen
931 1839 997 1885 ut
1043 1841 1214 1908 putes
1264 1828 1478 1887 summi
1522 1827 1816 1886 momenti
1863 1823 2074 1884 chara-

360 1937 589 1983 cterem
656 1947 826 2001 esse,
892 1929 993 2010 qui
1044 1927 1363 1988 deducitur
1426 1950 1492 1988 ex
1557 1930 1850 1988 dolomia:
1896 1949 2075 2010 pecu-

353 2023 512 2084 liaris
562 2028 719 2085 euim
766 2042 901 2106 est,
947 2044 1127 2112 atque
1166 2032 1327 2090 inter
1363 2045 1546 2090 strata
1583 2030 1896 2114 geologica
1935 2050 2074 2087 vere

354 2130 727 2211 proprieque
766 2129 925 2190 dicta
963 2130 1160 2192 locum
1207 2132 1480 2193 obtinere
1526 2156 1647 2192 non
1678 2146 1909 2216 potest:
1940 2155 2077 2215 pro-

345 2227 483 2287 vido
534 2245 731 2293 autem
777 2234 1022 2293 consilio
1072 2237 1318 2318 Vz‘rlet?
1366 2250 1545 2318 atque
1599 2236 1766 2297 Boos}
1828 2247 2075 2294 monent

359 2332 691 2391 cavendum
738 2356 868 2394 esse
917 2358 990 2395 ne
1028 2338 1351 2396 dolomiam
1390 2362 1524 2397 cum
1561 2343 1796 2398 calcari
1832 2359 2076 2417 magne-

351 2436 522 2491 siaco
550 2433 981 2498 confundamus
1002 2485 1019 2514 ‚
1047 2463 1181 2498 cum
1223 2463 1340 2521 quo
1371 2463 1530 2523 saepe
1560 2443 1818 2500 clolomia
1852 2439 2074 2498 adnexa

352 2532 479 2592 suit.
511 2537 577 2593 In
617 2544 855 2598 calcari
890 2547 1280 2620 magnesiaeo
1310 2543 1447 2602 licet
1480 2542 1800 2602 habeamus
1835 2556 2070 2600 aetatem

352 2635 719 2718 geologicam
763 2663 1009 2699 coevam
1047 2644 1354 2723 clolonzz'oe,
1384 2660 1581 2705 tamen
1619 2644 1857 2703 abunde
1901 2658 2073 2703 testa·

348 2758 484 2814 cea,
511 2739 855 2823 polyparia,
892 2742 1200 2805 botanices
1241 2747 1600 2808 documenta
1640 2750 1963 2821 miramur,
2004 2766 2072 2804 ex

349 2860 468 2918 quo
530 2845 919 2924 consequitur
990 2850 1373 2929 neptunianae
1446 2851 1686 2908 orioinis
1754 2869 1886 2908 esse
1956 2846 2072 2907 cal-

1539 2896 1573 2931 τ)

354 2961 553 2999 carcm
599 2950 1080 3024 magnesiaezcm,
1126 2952 1386 3009 clolomia
1431 2973 1553 3009 non
1601 2952 1759 3009 item.

430 3041 586 3101 Dum
609 3046 810 3126 itaque
833 3049 1149 3109 dolomc'am
1174 3051 1445 3129 dicimUS,
1471 3067 1674 3127 strata,
1704 3074 1838 3134 quae
1869 3049 2063 3110 eidem

347 3141 569 3202 adnexa
606 3163 763 3224 suut,
796 3172 922 3232 prae
956 3153 1136 3214 oculis
1170 3153 1479 3230 habemus,
1516 3155 1806 3238 quibusve
1839 3152 2066 3237 pluries

351 3244 593 3306 confusa
640 3254 962 3333 reperitur.
