2324 3631
337 181 416 240 60

335 281 744 342 difficillimam
765 280 1107 364 specierum
1133 282 1712 365 componendarum,
1731 286 1908 347 certis
1942 286 2055 347 sub

322 384 567 445 basibus
597 431 614 460 ,
661 386 815 442 viam
859 382 1210 466 ingreditur.
1275 384 1621 446 Dummodo
1680 385 1871 449 cleiis
1917 412 2047 449 non

333 501 571 569 agatur,
620 506 755 568 quae
802 487 1001 568 ipsum
1045 484 1291 543 laudant
1338 500 1668 546 auctorem.

420 588 779 648 Turbinolia
826 592 1067 647 avicula
1116 608 1468 670 compressa
1515 604 1606 649 est
1636 636 1653 666 ,
1706 605 1904 652 costas
1949 593 2049 652 ha-

326 689 434 749 bet
476 690 920 771 frequentiores
950 737 967 766 ,
1017 687 1363 766 obsoletas,
1412 688 1642 751 duabus
1688 691 1882 753 basim
1920 715 2052 753 ver-

324 814 425 851 sus
493 791 796 873 elongatas
849 838 866 866 ,
939 789 1420 853 lamellisormes:
1494 791 1687 854 basim
1768 811 2003 855 acutam
2033 843 2050 874 ,

328 892 561 952 stellam
627 892 919 952 linearem
966 892 1344 976 elongatam:
1393 896 1642 956 interius
1717 900 2055 981 sepimenta

324 1010 463 1055 sunt
504 995 826 1077 inaequalia
872 1009 1053 1076 atque
1100 994 1175 1054 ad
1220 995 1407 1054 latera
1453 1011 1718 1057 cremata.

407 1096 660 1156 Habitat
707 1143 720 1155 .
766 1139 782 1155 .
829 1139 845 1155 .
891 1096 1216 1179 Reperitur
1261 1098 1323 1156 in
1370 1097 1568 1157 Sicilia
1602 1147 1620 1175 ,
1667 1120 1864 1183 prope
1907 1101 2046 1159 Pla—

325 1201 606 1274 centiam,
631 1200 691 1257 in
723 1196 1028 1259 montibus
1075 1199 1399 1277 Dertonae,
1447 1212 1507 1260 et
1536 1201 1594 1259 in
1642 1201 1794 1261 colle
1840 1203 2052 1263 Tauri-

324 1302 516 1376 nensi,
565 1315 624 1360 et
669 1299 825 1360 alibi.

407 1403 560 1461 Mus.
595 1403 840 1461 Taurin.
865 1404 1051 1463 Paris.
1086 1403 1380 1463 Collectio
1411 1405 1684 1485 Morem,
1711 1405 2011 1466 Roclzetta
2026 1454 2050 1480 ,

323 1505 664 1564 Mareskall
688 1551 706 1579 ,
752 1506 1032 1564 Βείίανιίι·
1054 1551 1075 1576 ,
1121 1504 1484 1565 Mehelotti.

694 1658 1168 1710 TURBINOLIA
1235 1659 1681 1710 COMPRESSA

1041 1767 1323 1806 LAMARCK

329 1849 635 1899 Turbinolia
671 1850 956 1914 turbinata,
985 1861 1550 1918 cuneum-compressa,
1572 1849 1792 1900 lamellis
1819 1851 2042 1920 insequa-

384 1939 515 1988 libus
553 1941 994 2008 appropinquatis,
1043 1938 1313 2003 distinctis,
1341 1940 1672 2007 inaequalibus
1699 1942 1871 2004 rectis,
1897 1943 2046 2008 septis

384 2030 678 2076 transversis
714 2028 918 2092 crebra,
956 2029 1264 2092 conjuncti5;
1301 2027 1452 2076 stella
1503 2043 1759 2092 concava,
1797 2028 2041 2095 oblonga:

386 2117 496 2165 basi
532 2127 704 2165 acuta.

323 2240 591 2289 Lamarck.
630 2240 793 2289 Anim.
833 2240 1137 2304 invertebr.‚
1175 2250 1296 2290 tom.
1335 2258 1392 2304 2,
1425 2257 1549 2309 pag.
1588 2241 1717 2306 231,
1754 2259 1804 2290 η.
1843 2240 1892 2302 4.

322 2329 644 2378 Lamoroux.
670 2329 892 2395 Exposit.
918 2328 1145 2378 method.
1163 2368 1176 2394 ,
1207 2346 1333 2397 pag.
1360 2329 1445 2394 51,
1471 2329 1576 2379 tab.
1605 2330 1688 2397 74,
1716 2329 1810 2397 fig.
1838 2347 1923 2394 22,
1954 2331 2040 2379 23.

1723 2420 1747 2437 ο)

328 2417 522 2464 Cuvier.
561 2416 715 2482 Regu.
756 2420 934 2481 anim.‚
976 2436 1003 2465 2
1045 2416 1196 2481 edm,
1228 2435 1354 2485 pag.
1392 2419 1522 2482 313,
1563 2427 1680 2467 tom.
1720 2438 1767 2468 ο.

317 2505 604 2553 Βίαἰηνίίἰε.
643 2505 840 2554 Manuel
880 2504 1115 2568 d'aetin.‚
1148 2522 1273 2572 pag.
1314 2505 1434 2566 342.

316 2592 586 2660 Defrance.
625 2595 838 2642 Diction.
879 2592 965 2642 des
1005 2596 1183 2642 scienc.
1223 2601 1413 2659 natum,
1451 2604 1569 2642 tom.
1609 2592 1708 2657 56,
1743 2610 1870 2660 pag.
1908 2611 1993 2662 9²·

399 2734 602 2814 Magni
634 2735 928 2792 momenti
960 2735 1211 2815 quaestio
1252 2735 1413 2793 eirea
1451 2734 1839 2793 turbinollam
1877 2755 2038 2792 eom-

310 2857 587 2916 pressam
633 2837 993 2915 exagitatur,
1042 2850 1223 2917 atque
1271 2857 1339 2894 ex
1393 2838 1567 2894 variis
1626 2833 1948 2917 speciebus
2009 2858 2041 2893 a

315 2937 825 2998 Milne-Edward
866 2936 942 2995 ad
986 2940 1336 2997 Lamarekii
1358 2938 1690 2996 auctarium
1721 2934 2041 3018 adjunctis,

317 3050 440 3096 tres
488 3038 698 3098 saltem
743 3037 1175 3122 conjungendae
1225 3054 1378 3098 sunt.

401 3139 569 3199 Hanc
600 3161 741 3199 sane
782 3143 1131 3223 opinionem
1171 3143 1430 3200 eruimus
1475 3162 1540 3200 ex
1572 3140 1905 3223 Dff'anee,
1935 3142 2041 3221 qui

318 3262 458 3301 vera
514 3239 719 3303 harum
779 3243 1237 3306 turbinoliarum
1291 3246 1752 3327 investigatione
1812 3245 2035 3327 potitus
