2324 3631
1895 217 1935 275 9

227 315 456 361 naturae
500 320 660 376 esse,
708 312 883 380 atque
929 295 1042 357 hoc
1069 311 1307 356 tantum
1348 295 1691 379 depfflypss
1730 295 1934 354 lamel-

228 401 412 460 l-iferis
442 401 791 484 'probatum
852 413 960 457 est.
1026 401 1282 480 Insuper
1343 419 1462 455 non
1529 395 1942 476 animadvertit

229 502 413 564 multo
459 504 638 583 magis
688 500 972 582 implexos
1021 500 1270 582 polypos
1320 521 1451 557 esse
1493 499 1539 555 si
1580 503 1701 555 non
1738 480 1941 554 adhae-

229 618 401 662 reant
429 603 746 686 polypariis
771 651 788 677 ,
827 611 1006 683 quam
1053 604 1102 660 si
1141 602 1354 659 iisdem
1392 599 1765 672 adhaereant,
1804 619 1942 654 nam

231 707 318 764 sic
357 703 757 763 musculorum
798 704 1007 762 saltem
1046 705 1263 762 seriem
1303 703 1538 760 evitare·
1562 699 1679 781 ulla
1714 700 1945 756 ratione

227 830 351 865 non
372 827 720 888 possumus,
749 827 817 864 ex
847 828 964 886 quo
993 804 1386 886 physiologiae
1423 800 1661 882 aliquod
1688 814 1948 882 systema

235 908 683 966 demonstretur
715 921 985 988 oportet,
1013 905 1325 986 implexam
1351 905 1537 983 magis
1580 916 1787 959 autem,
1817 920 1949 958 esse

233 1023 509 1066 naturam
545 1012 1016 1067 molluselior'zcm
1044 1020 1453 1065 testccceormn
1475 1017 1535 1061 et
1555 1003 1684 1083 ipse
1711 1000 1950 1059 fatetur.

232 1108 387 1168 Illud
448 1108 710 1189 denique
766 1107 1166 1190 adjiciendum
1221 1106 1470 1188 polypos
1529 1103 1733 1184 plures
1782 1099 1955 1159 simul

234 1231 475 1292 semper
496 1210 776 1292 prodire,
801 1210 1128 1290 itidemque
1155 1230 1217 1266 se
1246 1205 1643 1280 abscondere,
1668 1206 1716 1262 si
1746 1216 1951 1284 agatur

236 1311 309 1370 de
350 1311 674 1393 polypariis
715 1312 1082 1393 compositis,
1120 1310 1204 1366 uti
1243 1322 1481 1381 vocant,
1522 1305 1683 1387 quod
1720 1318 1785 1362 ut
1816 1324 1955 1361 con-

235 1415 454 1495 tingat,
489 1427 761 1496 oportet,
805 1427 870 1471 ut
916 1411 1216 1470 vasculare
1266 1410 1418 1468 adsit
1457 1422 1750 1491 systema,
1792 1403 1956 1487 quod

238 1520 299 1574 in
347 1515 477 1573 rudi
524 1517 772 1573 materia
818 1514 1018 1573 locum
1064 1512 1288 1570 habere
1334 1513 1564 1591 nequit.

314 1617 449 1676 Non
473 1639 686 1674 novam
719 1629 917 1674 tamen
949 1615 1045 1672 hic
1080 1615 1426 1696 opinionem
1461 1611 1781 1668 habemus:
1819 1631 1954 1667 raro

240 1719 400 1776 enim
458 1719 788 1797 contingit,
849 1730 914 1773 ut
971 1713 1134 1794 quod
1188 1713 1505 1795 probabile
1553 1716 1629 1770 sit
1666 1711 1756 1770 vel
1798 1709 1959 1793 apud

239 1833 472 1877 veteres
506 1820 595 1877 sin
644 1816 1035 1899 explicatione
1060 1864 1076 1892 ,
1116 1815 1324 1873 saltem
1365 1813 1724 1871 indicatione
1764 1812 1959 1894 aliqua

239 1921 531 1980 refertum
588 1933 904 1996 occurrat,
963 1920 1048 1978 sic
1095 1918 1241 1975 licet
1295 1919 1506 1975 Pallas
1567 1915 1823 1996 alioquin
1886 1914 1959 1973 de

240 2023 536 2107 polyparii
594 2036 805 2080 natura
869 2021 1128 2081 senserit
1175 2018 1386 2077 eodem
1432 2018 1619 2076 ferme
1667 2016 1844 2075 modo
1892 2040 1959 2076 ac

243 2128 557 2196 LinnoeuS,
590 2126 890 2194 Cavolim',
919 2122 1249 2194 Laruas-cle,
1277 2136 1472 2179 tamen
1508 2120 1650 2178 dum
1694 2120 1963 2178 skeleton

240 2228 629 2302 memoravit,
661 2240 720 2284 et
749 2227 832 2283 uti
871 2226 1113 2283 insectis
1155 2223 1405 2305 polypos
1452 2221 1775 2303 polypariis
1817 2221 1964 2279 insi-

245 2329 388 2387 dere
443 2351 563 2386 non
613 2326 866 2386 obscure
894 2375 910 2403 ,
977 2348 1096 2382 non
1144 2325 1419 2406 ambigue
1457 2325 1752 2394 Czwicric',
1785 2336 1963 2403 atque

248 2430 794 2492 Milne-Edwccrdii
838 2429 1156 2506 opiniones
1203 2439 1619 2508 praecesserat.

329 2534 473 2591 Haec
520 2533 857 2590 necessario
900 2527 1325 2612 praemittenda
1357 2525 1743 2602 videbantur,
1774 2539 1839 2583 ut
1875 2546 1967 2582 or-

249 2634 357 2710 do,
389 2636 481 2692 cui
511 2635 771 2709 innitor,
809 2631 1005 2714 palam
1047 2630 1149 2689 fiat
1189 2652 1320 2689 cum
1365 2651 1434 2687 6ο
1485 2640 1964 2711 temperamento

248 2738 605 2810 instructu5,
646 2749 710 2792 ut
740 2756 940 2791 veram
970 2732 1261 2815 polyparii
1298 2732 1590 2812 originem
1617 2750 1968 2810 sequamur,

252 2859 353 2896 eos
401 2851 673 2895 auctores
724 2856 1013 2917 generum
1054 2835 1215 2891 initio
1248 2831 1598 2906 indicando,
1639 2834 1740 2912 qui
1782 2831 1969 2911 potis-

251 2941 465 2998 simum
504 2940 566 2995 in
602 2958 970 3017 unoquoque
1010 2935 1300 3017 speciales
1346 2933 1793 2991 observationes
1828 2952 1970 2988 con-

252 3040 556 3099 tulerunt:
628 3040 948 3121 peculiaria
1014 3037 1294 3119 quaedam
1362 3047 1684 3093 occurrunt
1760 3030 1974 3115 procul

256 3140 435 3200 dubio
485 3156 543 3200 et
588 3140 661 3199 de
707 3140 976 3222 polypis,
1024 3153 1083 3197 et
1128 3138 1481 3220 polypariis3
1516 3133 1620 3193 sed
1662 3156 1794 3214 quae
1835 3155 1977 3216 per-

255 3244 448 3302 tinent
501 3241 577 3302 ad
632 3240 990 3302 documenta
1048 3239 1334 3324 geologiae
1382 3239 1441 3296 in
1489 3236 1976 3318 Zooplzy·t0logia
