2324 3631
1798 228 1905 291 135

294 316 663 378 Peculiarem
706 316 1181 378 reticulatiouem
1207 364 1224 393 ,
1269 340 1382 378 nec
1421 340 1540 378 non
1572 326 1906 404 marginem

213 422 478 501 ipsarum
523 418 829 479 stellarum
876 420 1222 502 inspicimus
1272 421 1650 503 potissimum
1695 425 1754 481 in
1803 423 1913 483 hac

213 522 417 602 specie
448 549 473 595 ,-
534 543 602 579 ea
649 520 854 601 exigua
901 535 995 579 est
1037 535 1214 602 atque
1260 544 1398 580 raro
1446 523 1747 582 invenitur
1795 538 1915 583 tam

214 621 275 678 in
320 635 476 680 statu
519 621 730 679 viventi
762 669 779 698 ‚
834 643 1011 702 quam
1057 620 1257 681 fossili.

292 721 537 779 Habitat
580 722 638 778 in
686 723 833 779 mari
878 722 1153 780 Australi.

294 823 619 903 Reperitur
662 824 722 880 iu
770 821 917 881 colle
970 823 1344 883 Taurineusi.

291 924 571 982 Museum
600 925 855 983 Brittan.
882 972 899 1001 ,
946 925 1135 985 Paris.
1160 973 1180 1002 ,
1244 926 1386 1005 (viv)
1419 925 1651 987 collect.
1687 926 1915 988 Miche-

209 1028 343 1083 zotta·
382 1022 674 1105 (fossilis).

619 1142 919 1193 ASTRAEA
972 1142 1523 1195 ARACHNOIDES

914 1266 1214 1306 DEFRANCE

211 1364 499 1413 Incrustans
532 1402 546 1427 ‚
605 1365 762 1413 stellis
815 1368 1115 1433 pentagonis
1142 1405 1155 1430 ,
1206 1366 1357 1429 latis,
1414 1367 1569 1416 stelloe
1621 1369 1896 1431 maximae,

268 1462 438 1500 centro
476 1454 739 1520 conspicuo
765 1491 778 1517 7
815 1469 1029 1502 concavo
1051 1474 1071 1508 ,·
1109 1455 1382 1503 interstitiis
1420 1455 1639 1503 lamellis
1676 1457 1901 1504 minutis-

267 1540 403 1587 simis
445 1540 691 1587 exaratis.

201 1624 473 1692 Defrance.
513 1627 724 1674 Diction.
763 1623 848 1675 des
886 1628 1065 1675 scienc.
1102 1637 1263 1675 natur.
1304 1637 1421 1676 tom.
1459 1629 1524 1690 42
1558 1645 1681 1696 pag.
1721 1627 1837 1678 383.

203 1711 472 1761 Gueltard.
510 1714 659 1762 Mem.
703 1711 769 1760 du
809 1712 1002 1779 Dauph.
1032 1751 1045 1777 ,
1082 1714 1153 1781 pl.
1193 1713 1256 1763 52
1275 1713 1379 1780 fig.
1419 1732 1466 1762 2.

200 1799 498 1847 Parkinson.
537 1799 718 1863 Organ.
755 1816 877 1847 rem.
925 1810 1042 1849 tom.
1085 1818 1111 1849 2
1152 1801 1258 1850 tab.
1296 1800 1446 1867 5fig.
1493 1818 1534 1848 1.

197 1885 667 1935 Milite-Edwards.
704 1886 844 1934 Auct.
883 1886 948 1935 ad
985 1889 1131 1936 Lam.
1177 1889 1262 1937 cit.
1297 1888 1396 1937 loc.
1428 1905 1552 1956 pag.
1590 1889 1708 1951 [420.

280 1974 424 2033 Haec
469 1975 700 2055 species
738 2020 756 2051 ,
814 1997 946 2057 quae
991 1974 1306 2057 Defi‘ance
1352 1975 1552 2035 laudat
1597 1991 1908 2036 auctorem

204 2088 329 2134 toto
364 2074 512 2134 caelo
540 2074 722 2134 distat
745 2075 817 2133 ab
851 2097 950 2153 ea,
977 2097 1157 2158 quam
1185 2079 1263 2135 ita
1294 2080 1662 2162 nuncupavit
1686 2077 1909 2139 5σῆνο-

199 2189 332 2252 ter,
378 2198 522 2259 ergo
569 2176 678 2237 alio
727 2179 966 2236 nomine
1014 2176 1310 2237 donanda.
1570 2177 1573 2180 '

273 2277 519 2338 Habitat
548 2322 563 2338 .
609 2324 622 2337 .
662 2323 677 2337 .
715 2279 1039 2362 Reperitur
1068 2302 1262 2363 prope
1296 2280 1555 2341 Verdan
1594 2283 1654 2340 in
1694 2280 1901 2340 Gallia.

272 2383 546 2442 Museum
590 2383 811 2458 Paris,
856 2381 1085 2441 collect.
1132 2383 1457 2460 Desrance.

750 2500 1063 2550 ASTRAEA
1107 2500 1352 2550 ARGUS

888 2625 1216 2664 LAMOROUX

191 2721 356 2770 Stellis
378 2724 576 2788 magnis
597 2761 610 2787 ‚
644 2722 969 2787 orbiculatis,
1009 2723 1373 2773 multiradiatis
1393 2746 1413 2781 ,ε
1449 2727 1675 2792 margine
1701 2726 1891 2774 elevato

256 2810 432 2860 obtuso
460 2831 480 2866 ,·
517 2821 662 2859 extus
699 2811 918 2859 lamellis
954 2808 1274 2860 denticulatis
1311 2810 1538 2861 radiato.

188 2898 334 2947 Seba.
371 2897 613 2946 Thesaur.
653 2900 755 2948 tab.
805 2917 899 2948 112
926 2899 1020 2967 fig.
1069 2900 1144 2949 15.

188 2986 454 3034 Lamarck.
493 2987 616 3036 Hist.
654 2986 743 3035 des
781 2990 933 3036 anim.
970 2988 1051 3036 cit.
1090 2997 1208 3035 tom.
1248 3006 1274 3036 2
1311 3004 1432 3055 pag.
1472 2987 1589 3048 405.

191 3074 504 3122 Lamoroux.
543 3074 813 3143 Encyclop.
844 3092 968 3142 pag.
1018 3077 1128 3124 132.

191 3161 476 3209 Blainville.
514 3162 713 3211 Mauuel
753 3161 799 3210 d'
829 3162 1094 3228 actinolog.
1123 3179 1246 3229 pag.
1287 3160 1402 3211 368.

283 3246 372 3306 Ab
412 3249 478 3307 iis
522 3254 795 3327 astroeiS,
842 3272 976 3334 quae
1037 3271 1288 3310 massam
1335 3250 1759 3308 incrustantem
1794 3267 1887 3306 ex-
