2324 3631
1773 200 1883 257 183

198 303 552 388 multiplices
590 301 877 362 inducunt
919 300 1100 359 facies
1132 324 1145 359 :
1191 302 1348 358 inter
1373 296 1476 357 has
1508 299 1738 379 species
1784 321 1887 360 nu-

193 422 384 465 merat
426 407 849 486 madreporam
893 406 1259 482 agaricitem.

269 508 667 565 Ilffeandrinas
715 519 910 562 autem
949 506 1007 561 in
1056 504 1230 561 tertia
1274 499 1461 561 classe
1505 501 1764 581 reponit.

271 607 431 666 Nota
470 619 707 679 autem,
748 604 910 686 quod
955 603 1141 662 refert
1179 602 1252 661 de
1295 601 1573 681 mycedia
1603 602 1891 660 Brownii

192 719 251 767 et
282 710 450 778 Hill,
495 705 872 764 rotundatam
901 704 1115 762 faciem
1145 725 1212 761 ex
1258 724 1328 762 eo
1359 701 1692 784 procedere
1731 701 1894 782 quod

194 807 443 867 ambitus
491 806 703 865 lentius
753 805 1072 879 dilatetur3
1135 806 1195 861 in
1240 802 1440 861 medio
1488 817 1685 860 autem
1729 802 1891 885 poly-

195 911 430 991 parium
475 909 746 967 crassitie
793 919 1063 980 crescat3
1131 925 1378 962 cernere
1425 904 1603 984 igitur
1660 903 1756 961 hic
1805 917 1895 962 est

190 1009 640 1091 explicationem
711 1005 975 1066 methodi
1022 1027 1215 1087 nuper
1257 1003 1477 1063 indutae
1506 1051 1522 1080 ,
1570 1024 1684 1085 ope
1729 1024 1896 1061 nem-

187 1133 264 1193 pe
312 1110 606 1169 vitalitatis
649 1110 833 1193 ipsius
880 1107 1189 1191 polyparii.
1575 1088 1582 1092 “

269 1213 634 1275 Memoratus
682 1224 888 1268 auctor
915 1208 1109 1290 rejicit
1147 1211 1499 1288 Peysonellc'
1542 1207 1630 1283 (t)
1672 1204 1891 1262 doctri-

178 1333 337 1387 nam,
384 1313 484 1392 qui
531 1332 599 1368 ex
628 1311 914 1393 gregariis
963 1309 1193 1392 polypis
1241 1321 1523 1390 reputans
1562 1307 1893 1364 consistere

189 1418 490 1487 astroites,
508 1414 779 1487 affirmat,
793 1410 1132 1468 verruculas
1148 1411 1407 1491 primum
1423 1406 1651 1480 adesse,
1669 1404 1893 1463 deinde

185 1512 489 1572 lateralem
519 1514 788 1594 conspici
819 1511 1080 1594 prolem,
1128 1509 1291 1591 quod
1339 1530 1474 1567 cum
1510 1522 1885 1590 postremum

187 1616 561 1673 verissimum
605 1615 707 1690 sit,
755 1616 1018 1696 priorem
1055 1627 1253 1671 tamen
1300 1632 1419 1668 non
1459 1608 1717 1668 excludit
1761 1628 1891 1667 sen-

191 1717 455 1774 tentiam.

273 1815 502 1874 Eadem
540 1837 651 1873 nec
682 1836 884 1873 rerum
927 1836 1039 1872 nec
1071 1813 1449 1871 animantium
1487 1810 1692 1869 relatio
1723 1858 1740 1886 ,
1787 1809 1893 1868 sed

185 1916 398 1999 agendi
444 1918 594 1976 ratio
640 1914 866 1975 induxit
904 1917 1104 1984 Emer
1137 1961 1158 1985 ,
1206 1917 1308 1994 qui
1356 1914 1447 1993 (2)
1492 1911 1763 1970 ulteriori
1809 1913 1891 1968 in-

184 2020 555 2100 vestigationi
602 2039 852 2100 parcens
882 2066 896 2092 ,
959 2022 1312 2075 musicalem
1367 2028 1547 2095 atque
1591 2035 1894 2092 organwn

186 2125 554 2179 sarcinulam
601 2122 755 2178 inter
807 2121 1233 2194 madreporam
1293 2122 1596 2175 stellarem
1625 2162 1647 2186 ,
1712 2128 1893 2195 atque

181 2227 554 2305 coespitosam
599 2221 927 2294 collocavit,
977 2234 1156 2301 atque
1167 2218 1460 2301 ficngiam
1503 2215 1887 2297 madreporoe

184 2329 358 2405 pileoe
404 2322 640 2382 addixit.

272 2423 460 2483 Facto
524 2426 730 2505 itaque
778 2445 847 2482 eo
904 2445 998 2482 res
1047 2435 1174 2481 erat
1213 2470 1230 2499 ,
1274 2435 1339 2479 nt
1381 2421 1626 2501 insignis
1683 2417 1892 2476 Galliae

191 2528 455 2608 scriptor
475 2528 849 2607 madrepome
879 2545 1121 2600 nomen,
1156 2521 1611 2605 quodlatissime
1642 2519 1893 2603 patebat

187 2630 289 2687 uni
320 2629 523 2710 generi
563 2627 876 2702 tribueret3
910 2625 1073 2709 quod
1111 2628 1239 2708 ipse
1292 2626 1416 2706 egit
1440 2669 1456 2699 ,
1490 2622 1630 2681 dum
1669 2643 1892 2680 nornen

187 2729 300 2789 illis
341 2728 659 2812 speciebus
707 2730 957 2787 servavit
983 2777 999 2804 ,
1048 2750 1177 2808 quae
1211 2725 1491 2785 exhibent
1530 2724 1903 2807 polyparium

186 2830 491 2915 lapideum
519 2876 535 2904 ,
582 2828 754 2888 fixum
789 2878 806 2906 ,
851 2827 1401 2888 subdendroideum
1432 2875 1447 2902 ,
1494 2825 1635 2884 dum
1680 2824 1893 2882 ramuli

190 2954 256 2992 ex
299 2935 604 3014 praecipuo
652 2946 861 2990 trunco
909 2931 1258 3004 dimanant,
1320 2928 1481 3010 cujus
1532 2929 1618 2985 rei
1665 2925 1889 2987 clarum

191 3033 524 3117 exemplum
572 3031 810 3115 praebet
853 3033 1217 3112 madrepora
1263 3029 1642 3109 corymbosa.

200 3191 268 3248 (1)
300 3193 604 3248 Peysonellm.
637 3191 789 3232 Actus.
824 3191 951 3244 Angl.
986 3191 1074 3230 vol.
1109 3190 1174 3241 42.
1218 3198 1299 3231 art.
1336 3188 1401 3241 75.
1436 3201 1534 3243 pag.
1559 3187 1653 3239 467.

202 3264 278 3317 (2)
312 3264 468 3320 Esper.
504 3264 668 3318 Zooph.
706 3273 800 3305 tom.
844 3277 875 3302 1.
912 3276 1010 3319 pag.
1034 3262 1099 3302 (55.
