2324 3631
1843 158 1956 240 149

253 257 449 322 tacula
516 256 737 317 habere
780 302 798 332 ,
890 257 1004 316 nisi
1085 255 1190 315 ubi
1271 254 1569 333 decidua,
1643 257 1957 340 vitalisque

251 357 466 419 horum
532 359 888 442 polyporum
956 379 1094 440 pars
1158 358 1416 417 invicem
1486 379 1586 417 eos
1643 361 1953 436 secernit3

253 481 319 520 os
366 474 602 536 autem,
650 457 855 539 ajunt)
903 458 1120 517 elatum
1167 472 1256 518 est
1291 505 1308 532 ,
1368 471 1428 517 et
1491 457 1686 516 locum
1732 457 1954 518 habere

249 562 311 619 in
344 564 540 644 spatio
587 582 705 641 quo
754 559 1046 618 tentacula
1092 559 1538 618 desideramus:
1585 559 1844 641 denique
1890 584 1953 618 a—

250 661 366 722 deo
395 664 646 720 invicem
685 660 1012 735 adhaerere,
1041 674 1123 733 ut,
1157 683 1274 742 quo
1305 660 1484 718 modo
1525 659 1956 742 conjungantur

254 783 622 846 cognoscere
660 784 780 820 non
826 763 1141 843 possimus,
1189 761 1587 841 Elzrembcr‘gi
1633 764 1805 820 tertia
1844 761 1954 820 hac

251 862 327 923 de
372 884 439 922 re
483 864 646 944 viget
692 863 894 944 opinio
928 910 945 938 ,
993 883 1059 920 ex
1123 883 1240 943 qua
1283 861 1410 920 fluit
1467 862 1718 944 polypos
1763 885 1962 921 mean-

249 966 443 1024 drinoe
488 963 798 1023 tentaculis
832 985 1068 1040 carere,
1113 962 1272 1021 unde
1312 965 1394 1022 ait
1421 964 1954 1024 llIilne-Edwards

248 1065 567 1149 probabile
615 1067 857 1123 omnino
883 1087 1033 1139 esse,
1067 1063 1474 1123 confusionem
1505 1086 1573 1123 ex
1602 1065 1820 1147 triplici
1843 1064 1955 1125 hac

250 1165 523 1225 doctrina
570 1188 864 1224 emersam
908 1165 1118 1240 fuisse,
1165 1187 1298 1245 quae
1346 1167 1406 1221 in
1453 1165 1775 1247 polypariis
1823 1188 1956 1224 ean-

259 1264 399 1324 dem
444 1265 897 1325 similitudinem
942 1264 1472 1347 praeseferentibus
1531 1265 1716 1324 semel
1774 1279 1954 1347 atque

250 1367 470 1427 iterum
517 1368 824 1448 contingit.

329 1470 503 1527 Licet
545 1467 877 1526 haereamus
923 1468 1159 1544 incerti,
1191 1468 1447 1527 cuinam
1493 1469 1692 1550 potius
1723 1488 1790 1526 ex
1827 1489 1952 1526 me-

248 1571 492 1628 moratis
534 1567 933 1651 scriptoribus
993 1568 1380 1643 credendum,
1422 1583 1642 1643 tamen,
1673 1591 1806 1627 cum
1846 1591 1953 1651 po-

247 1672 465 1731 sterior
509 1669 814 1752 peculiare
846 1668 992 1750 quid
1037 1668 1325 1747 exhibeat,
1355 1669 1507 1729 hanc
1556 1672 1955 1751 quaestionem

248 1771 557 1851 suscipere
601 1791 721 1828 non
753 1769 1141 1852 ambigemus.
1189 1770 1362 1844 Sane,
1409 1772 1457 1829 si
1488 1770 1849 1852 probaretur
1891 1774 1954 1831 in

245 1872 624 1932 meandrinis
691 1892 810 1928 non
859 1869 1069 1930 adesse
1117 1871 1435 1946 tentacula,
1479 1870 1595 1953 jam
1642 1887 1956 1931 corrueret

249 1971 494 2055 adoptio
540 1970 1000 2055 specificationis
1074 1995 1103 2029 a
1156 1973 1691 2033 [Vlz'lne-Edwards
1735 1997 1956 2056 propo-

245 2074 397 2147 sitae,
443 2074 565 2155 qui,
610 2087 676 2131 ut
719 2072 993 2145 vidimus,
1025 2072 1168 2132 duas
1202 2073 1516 2134 divisiones
1565 2074 1849 2148 admittit,·
1894 2077 1956 2134 in

245 2175 442 2257 prima
494 2187 750 2233 antozoa
815 2189 1148 2252 recenset,
1196 2177 1257 2232 in
1304 2174 1488 2234 altera
1549 2176 1789 2235 briozo'a
1818 2201 1834 2234 .·
1881 2176 1954 2235 de

247 2275 359 2336 hac
405 2278 732 2360 posteriori
777 2298 899 2334 non
946 2279 1259 2357 quaeritur3
1307 2276 1416 2336 sed
1472 2278 1532 2334 in
1576 2279 1785 2360 priori,
1833 2292 1953 2337 tres

249 2376 470 2438 classes
518 2379 852 2452 constituit3
900 2379 961 2434 in
1007 2380 1203 2460 prima
1245 2383 1618 2452 sertzdarias,
1664 2381 1723 2436 in
1770 2379 1956 2438 altera

249 2483 566 2558 alcyonia,
614 2481 671 2537 in
710 2482 884 2538 tertia
928 2484 1242 2540 zoanmim
1278 2494 1618 2554 enumerat,
1670 2502 1816 2561 quas
1863 2483 1954 2538 in·

248 2594 344 2639 ter
387 2594 667 2638 recenset
709 2581 1016 2664 polyparia
1061 2579 1422 2640 lamellifera.
1476 2582 1552 2640 At
1595 2583 1956 2642 meandrina

251 2694 343 2740 est
387 2680 762 2763 polyparium
798 2681 1243 2758 lamelliserum,
1287 2696 1353 2740 ut
1392 2681 1553 2765 apud
1586 2705 1788 2741 omnes
1823 2706 1956 2741 con-

248 2795 399 2859 stat3
444 2796 642 2841 tamen
689 2781 1095 2842 desideramus
1145 2783 1443 2842 tentacula
1489 2785 1611 2843 sive
1643 2784 1956 2866 simplicia,

249 2885 370 2944 sive
417 2906 666 2943 numero
718 2884 916 2966 plura,
963 2908 1094 2967 quae
1127 2899 1409 2966 optantur
1451 2884 1609 2944 unde
1650 2885 1958 2966 dignosca-

248 3007 378 3045 mus
425 3001 820 3058 memoratum
867 2986 1246 3069 polyparium
1292 2985 1368 3045 ad
1423 2984 1768 3044 inferiorem
1816 2986 1958 3046 clas-

250 3107 380 3174 sem
425 3089 753 3168 pertinere.

332 3187 753 3249 Difficultatem
799 3202 963 3250 certe
1010 3210 1131 3249 non
1178 3188 1328 3249 tollit
1372 3202 1533 3264 nota,
1583 3211 1762 3271 quam
1809 3185 1963 3270 adie-
