2324 3631
1917 220 1952 280 5

253 323 541 383 habemus
572 323 865 383 sectiones
897 322 1317 404 experimentis
1357 320 1671 403 probatas,
1705 342 1957 403 quarum

259 425 443 483 altera
498 425 773 485 Antozoa
805 471 827 494 ,
882 423 1065 482 altera
1128 425 1395 483 Briozoa
1461 446 1491 480 a
1543 422 1957 481 recentissimo

258 528 551 607 scriptore
582 524 972 607 appellantur.
1006 525 1164 582 Hinc
1194 525 1363 607 prior
1393 545 1610 605 corpus
1644 524 1958 580 animantis

259 626 368 685 tibi
407 627 578 685 offert
613 627 853 683 unicam
890 640 1231 706 aperturam
1257 627 1315 682 in
1349 626 1598 682 cavitate
1638 622 1959 705 digestiva,

266 743 443 810 atque
487 727 645 784 intus
693 728 1019 807 generatim
1067 725 1311 784 lamellis
1356 724 1600 783 radiatis
1648 726 1963 798 munitam3

264 829 447 887 altera
478 849 700 909 corpus
742 826 1011 902 exhibet,
1045 826 1210 908 quod
1240 826 1430 884 canali
1470 825 1761 907 digestivo
1801 847 1964 883 com-

260 930 461 1013 pleto,
503 951 641 1004 ore,
681 951 914 1010 auoque
955 927 1165 986 saltem
1205 925 1461 1008 gaudet:
1500 931 1964 1008 campanularia

260 1032 478 1114 prioris
498 1079 515 1107 ,
545 1034 832 1089 ocellaria
865 1029 1254 1113 posterioris,
1288 1029 1588 1087 divisionis
1633 1026 1966 1109 exemplum

262 1132 507 1193 indicat.

345 1235 528 1292 Hisce
575 1234 782 1315 positis
807 1278 824 1307 ,
861 1253 1038 1290 nemo
1077 1254 1198 1290 non
1235 1229 1397 1290 videt
1431 1229 1584 1289 hanc
1619 1227 1969 1289 methodum

260 1333 446 1393 multo
472 1335 695 1415 potiori
725 1335 897 1392 inniti
920 1332 1332 1407 fundamentO,
1358 1354 1538 1413 quam
1569 1353 1703 1413 quae
1737 1330 1972 1388 ducitur

261 1435 678 1495 tantummodo
726 1456 794 1493 ex
837 1435 1287 1518 polypariorum
1332 1435 1580 1492 materia
1609 1478 1627 1507 ,
1674 1431 1766 1490 vel
1809 1430 1970 1489 flexi-

262 1536 491 1595 bilitate
518 1585 535 1613 ,
581 1536 672 1594 vel
716 1536 1047 1595 loculorum
1094 1550 1347 1610 naturag
1387 1535 1528 1593 licet
1573 1535 1735 1592 enim
1780 1535 1974 1615 prima

261 1637 457 1696 fronte
495 1637 801 1712 videatur,
841 1636 1098 1695 admissa
1136 1637 1436 1709 materiae,
1465 1634 1557 1694 vel
1593 1633 1971 1693 flexibilitatis

264 1741 540 1814 ratione,
587 1740 808 1796 sensim
856 1758 923 1794 ex
965 1759 1084 1794 uno
1131 1738 1193 1793 in
1239 1735 1394 1793 aliud
1439 1756 1626 1816 genu-s
1675 1737 1973 1810 transire3

264 1853 463 1899 tamen
489 1839 588 1898 ubi
621 1853 786 1898 certo
816 1836 1053 1896 definiri
1085 1851 1366 1918 nequeat,
1389 1859 1460 1894 an
1496 1836 1704 1919 polypi
1729 1857 1976 1917 respon-

264 1941 443 2000 deant
468 1941 814 2024 polypariiS,
855 1939 1071 2022 quibus
1113 1938 1322 1998 adnexi
1362 1937 1722 2012 creduntur-3
1760 1939 1809 1995 si
1847 1936 1976 2019 ple-

264 2065 451 2124 raque
496 2042 800 2124 polyparia
825 2091 842 2119 ,
887 2056 955 2100 ut
999 2042 1287 2100 continuo
1334 2039 1656 2114 docemur,
1702 2039 1979 2095 maximo·

263 2166 410 2227 pere
458 2143 740 2202 differunt
761 2193 777 2220 ,
823 2157 1006 2227 prout
1044 2145 1107 2201 in
1144 2143 1292 2200 mari
1332 2139 1524 2199 adhuc
1563 2140 1978 2222 reperiuntur,

267 2261 327 2306 et
371 2248 608 2320 vivunt,
655 2245 746 2304 vel
791 2246 967 2327 paulo
1013 2259 1153 2327 post
1198 2242 1272 2302 ab
1320 2242 1537 2301 eodem
1583 2240 1865 2315 deducta,
1911 2263 1980 2299 ac

268 2347 527 2429 denique
574 2361 713 2430 post
758 2346 999 2427 aliquod
1044 2346 1333 2427 temporis
1380 2342 1754 2402 intervallum
1792 2341 1881 2400 vel
1920 2342 1982 2400 in

267 2449 440 2508 undis
489 2450 675 2531 ipsis;
723 2450 772 2507 si
818 2447 1106 2528 quodque
1152 2444 1320 2527 pejus
1367 2444 1750 2502 arbitrarium
1797 2445 1981 2500 omni-

269 2550 447 2608 modo
495 2565 586 2609 est
628 2549 916 2632 judicium
963 2570 1029 2606 ex
1074 2547 1401 2630 polypariis
1430 2594 1447 2622 ,
1492 2547 1612 2603 imo
1672 2559 1731 2603 et
1784 2542 1983 2625 quoad

271 2652 543 2729 cellulas,
591 2667 650 2710 et
689 2650 886 2733 quoad
922 2649 1384 2722 flexibilitatem,
1426 2669 1561 2729 quae
1603 2648 1834 2705 variant
1868 2668 1980 2727 pro

267 2752 536 2812 locorum
556 2803 573 2830 ,
603 2754 916 2836 temporis,
955 2775 1022 2810 ac
1063 2752 1251 2810 aetatis
1280 2747 1568 2830 adjunctis
1591 2797 1604 2822 ‚
1634 2769 1754 2806 non
1786 2745 1979 2822 videO,

269 2878 377 2914 cur
423 2854 710 2913 admissas
759 2856 996 2934 ntique,
1058 2850 1165 2911 sed
1210 2850 1552 2926 obvolutas,
1589 2870 1788 2930 neque
1832 2868 1979 2929 pro-

267 2957 435 3016 batas
485 2953 794 3014 dividendi
839 2956 1097 3013 rationes
1145 2954 1317 3033 sequi
1361 2950 1634 3010 debeam.

310 3138 320 3142 -
354 3057 556 3132 Adde,
590 3056 754 3138 quod
784 3059 834 3115 si
875 3055 1000 3114 haec
1038 3077 1176 3112 vera
1208 3068 1374 3130 sunt,
1404 3056 1463 3110 in
1493 3050 1981 3134 Zooplzytologia

271 3162 460 3218 aetatis
507 3173 732 3217 nostrae
781 3157 1105 3240 geologicae
1153 3170 1291 3216 sunt
1337 3154 1867 3234 verissima,-·quia
1914 3173 1981 3209 ex

270 3259 550 3342 professo
599 3281 806 3321 eorum
851 3273 1195 3341 temporum
1251 3256 1609 3317 documenta
1657 3254 1974 3333 investiga-
