2324 3631
386 187 467 263 46

380 287 586 371 plures
649 283 885 341 laminae
946 277 1199 338 radiales
1263 280 1325 338 in
1393 300 1463 339 ea
1529 278 1741 339 adsint.
1787 280 1964 356 Quod
2026 303 2095 342 ex

382 385 866 448 consideratione
917 382 1185 441 omnium
1231 380 1710 464 polypariorum,
1750 405 1883 465 quae
1926 383 2102 443 cellu-

381 489 467 548 las
543 485 747 569 plures
807 483 1087 543 adhunc
1157 481 1402 542 modum
1450 482 1730 542 exhibent
1795 497 2103 544 ettamen

384 612 569 651 unum
594 602 819 648 tantum
845 586 1130 669 polypum
1155 587 1486 661 continent,
1511 585 1771 668 profluit.
1788 585 1936 644 Haec
1960 608 2104 646 sane

387 715 506 752 non
544 713 694 749 nova
734 689 1101 768 caeteroquin
1137 685 1432 746 sentiendi
1471 689 1623 746 ratio
1663 708 1870 747 omnes
1913 686 2102 747 ferme

383 790 918 876 Zooplgytlzologioe
957 788 1214 849 cultores
1262 786 1468 848 habuit
1505 803 1851 849 sectatores·
1891 787 2106 871 Nuper

386 912 585 958 tamen
637 895 869 954 diverse
925 893 1112 952 sensit
1166 893 1543 974 germanicus
1592 892 1935 972 Steininger
1979 891 2101 973 (Ι),

386 1002 487 1084 qui
553 998 751 1082 posuit
811 1016 996 1054 unum
1063 992 1279 1052 animal
1350 995 1414 1051 in
1478 994 1760 1075 primaeva
1829 993 2102 1052 turbino-

386 1103 462 1161 lia
510 1114 720 1177 aetate,
768 1119 836 1157 ea
881 1111 1083 1156 tamen
1128 1093 1260 1176 lege
1301 1094 1614 1174 affectum,
1648 1109 1713 1154 ut
1751 1094 1927 1178 paulo
1966 1108 2107 1176 post

389 1225 460 1264 ex
503 1205 639 1285 ipso
685 1215 811 1261 met
853 1200 1074 1284 polypo
1124 1196 1323 1280 proles
1369 1212 1756 1272 nasceretur,
1806 1218 1935 1279 quae
1989 1219 2108 1255 ma-

393 1309 469 1366 tri
517 1303 831 1387 conjuncta
879 1325 1028 1387 opus
1096 1325 1232 1361 cum
1288 1323 1356 1359 ea
1403 1299 1786 1384 compleret,
1831 1298 2104 1359 turbino-

386 1415 533 1469 liam
578 1404 975 1478 conficerent,
1017 1403 1335 1485 eidemque
1382 1423 1514 1461 eam
1558 1402 1813 1461 formam
1859 1399 2100 1484 praebe·

391 1525 530 1570 rent
577 1531 755 1590 quam
790 1505 1056 1588 quotidie
1087 1505 1160 1563 ab
1201 1504 1412 1563 eadem
1453 1518 1784 1563 assecutam
1818 1505 2108 1562 novimus.

475 1612 633 1685 Quin
672 1611 841 1668 citius
884 1630 1065 1690 quam
1103 1609 1216 1690 par
1254 1621 1373 1684 est,
1406 1604 1557 1664 hanc
1589 1606 1940 1688 opinionem
1969 1603 2105 1686 reji-

393 1716 662 1789 ciamus,
703 1709 935 1793 juvabit
982 1708 1107 1792 ejus
1167 1710 1354 1791 gratia
1401 1729 1731 1791 provocare
1796 1707 2110 1789 investiga-

394 1817 621 1876 tionem
650 1812 725 1871 ad
753 1813 1182 1895 madrepor‘am
1219 1808 1814 1893 my]‘ioplztlzalnzanz,
1853 1830 1989 1890 quae
2030 1810 2110 1867 ita

395 1933 485 1978 est
523 1916 854 2000 implicata,
892 1929 952 1974 et
990 1913 1270 1972 obvoluta
1307 1927 1371 1971 ut
1416 1910 1769 1994 perdifficile
1816 1912 1890 1970 sit
1928 1912 1988 1969 in
2041 1932 2110 1969 ea

397 2019 545 2103 quid
610 2031 929 2078 concurrat
985 2037 1324 2076 secernere.
1382 2013 1569 2073 Nobis
1618 2027 1818 2072 autem
1863 2034 1998 2073 cnm
2044 2011 2110 2070 li-

397 2136 530 2181 ceat
575 2135 802 2180 sectam
846 2119 1239 2178 tzcrbinoliam
1295 2116 1620 2176 observare
1646 2165 1662 2191 ,
1709 2138 1845 2175 cum
1900 2136 2114 2196 caryo-

386 2224 643 2306 plzrlliis
692 2222 1013 2304 colligere,
1061 2220 1292 2279 duobus
1345 2221 1713 2302 argumentis
1771 2217 1924 2277 hanc
1984 2220 2114 2300 opi-

403 2328 650 2384 nionem
723 2323 1030 2383 infirmare
1102 2321 1538 2382 contendimus.
1585 2323 1653 2379 In
1727 2321 1936 2403 primis
1985 2319 2114 2380 haec

398 2428 792 2510 praesumptio
842 2428 1110 2485 efficeret
1166 2439 1233 2484 ut
1286 2423 1489 2508 polypi
1533 2423 1876 2481 turbinolioe
1932 2436 2118 2481 tenta-

401 2529 546 2589 culis
594 2544 911 2605 carerent3
961 2542 1020 2588 et
1071 2526 1402 2587 tentaculos
1450 2548 1664 2609 reapse
1732 2527 1788 2584 in
1843 2525 2115 2586 turbino-

398 2636 497 2690 liis
560 2632 818 2715 reperiri
886 2631 1094 2689 relatio
1160 2652 1295 2688 cum
1340 2627 1813 2711 eary‘oplzylliis,
1859 2632 2116 2698 astt·oeiS‚

404 2732 655 2815 aliisque
696 2731 1022 2816 generibus
1056 2730 1293 2789 abunde
1318 2730 1571 2813 probat,
1612 2729 2120 2812 quemadmodum

402 2851 627 2897 nostrae
675 2837 862 2895 aetatis
922 2837 1185 2918 insignes
1244 2846 1440 2892 nautae
1501 2833 1764 2892 tulerunt
1806 2834 1920 2913 (2).
1967 2833 2115 2891 Haec

403 2937 613 2997 relatio
661 2952 783 2998 tota
830 2951 1052 3021 quanta
1098 2951 1188 2998 est
1227 2959 1296 2998 ex
1336 2939 1672 2998 tarbinolioe
1717 2935 1969 2995 naturali
2025 2933 2115 2993 di·

420 3197 489 3254 (ι)
519 3199 651 3240 Mem.
685 3198 735 3238 dc
767 3199 807 3238 la
838 3200 985 3241 societ.
1020 3200 1182 3254 geolog.
1217 3200 1268 3241 dc
1297 3198 1482 3239 Franco.
1518 3208 1615 3238 tom.
1650 3212 1672 3238 τ),
1704 3212 1802 3254 pag.
1838 3211 1879 3239 2.

421 3272 489 3327 (τε)
520 3274 683 3328 Voyag.
717 3272 769 3314 dc
798 3272 1051 3315 l'Astrolab.
1084 3280 1189 3316 tom.
1222 3275 1246 3316 8
1279 3279 1360 3315 act.
1399 3276 1529 3330 Quoy
1560 3279 1602 3313 ct
1635 3270 1861 3314 Gaimm’cl.
