2324 3631
1831 175 1939 234 165

881 271 1305 331 PORITES

514 491 820 549 LAMARCK,
866 495 1248 552 BLAINVILLE,
1295 495 1665 534 EHREMBERG.

239 676 574 742 Polyparium
610 673 923 741 lapideum,
946 674 1129 743 fixum
1155 715 1168 738 ,
1205 692 1465 725 ramosum
1516 678 1604 725 vel
1664 679 1891 728 lobatam
1923 719 1937 744 ,

300 765 570 818 obtus1cm;
630 773 845 810 externa
901 763 1159 831 superficie
1215 764 1432 832 undique
1479 765 1727 833 stelliscra
1750 789 1771 823 ;
1829 784 1931 817 axe

300 850 528 899 centrali.

239 937 717 1003 Stelloeregulares,
753 935 1112 1002 subcontigzcoe,
1154 937 1518 1005 superficiales,
1555 952 1933 1002 auceoecawaccc3

297 1027 523 1090 margine
578 1024 720 1073 nullo
748 1062 761 1088 ,
814 1036 905 1073 auc
963 1023 1285 1092 imperfect0;
1333 1026 1549 1076 lamellis
1587 1027 1933 1095 filamentosis

297 1113 516 1161 acet-osis
545 1150 558 1175 ‚
594 1112 682 1160 vel
716 1111 1004 1177 cuspz'datis.

311 1280 402 1338 De
438 1286 640 1361 perite
687 1282 875 1339 acturi
914 1302 1033 1339 non
1070 1281 1228 1341 leves
1269 1284 1630 1364 quaestiones
1661 1289 1934 1345 oriuntur

232 1394 358 1440 tum
403 1380 476 1440 de
500 1380 994 1454 characteribus,
1030 1383 1245 1464 quibus
1276 1385 1494 1444 insidet
1535 1402 1935 1446 memoratum

231 1505 450 1565 genus,
495 1498 620 1542 tum
666 1483 741 1541 de
770 1486 839 1541 iis
888 1484 1245 1565 generibuS,
1293 1508 1430 1568 quae
1468 1487 1725 1568 aliquam
1769 1488 1932 1547 exhi—

228 1583 413 1643 beant
455 1587 640 1667 ipsius
689 1590 906 1667 ,noritis
968 1585 1218 1644 formam
1247 1633 1263 1660 ,
1310 1587 1402 1646 vel
1445 1591 1752 1670 speciatim
1778 1638 1795 1667 ,
1841 1591 1933 1650 vel

229 1686 564 1767 generatim
609 1707 817 1743 eorum
853 1687 1124 1765 inspecta
1161 1681 1385 1745 natura.

307 1787 396 1843 Ea
444 1787 691 1866 quaestio
724 1834 741 1864 ,
788 1807 923 1866 quae
971 1787 1114 1844 oriri
1159 1801 1361 1868 potest
1418 1790 1579 1848 circa
1622 1791 1932 1874 polyparia

224 1886 590 1964 lamellifera,
623 1889 671 1947 si
701 1887 810 1945 alia
837 1880 921 1944 ‘ab
961 1886 1084 1947 aliis
1127 1887 1459 1970 generatim
1497 1890 1762 1973 sejuncta
1798 1917 1931 1952 con⁶³

225 1991 588 2071 spiciantur,
631 2004 726 2066 ut,
770 2004 946 2071 puta,
982 1991 1042 2048 'si
1069 1990 1163 2048 'de
1207 1993 1590 2064 meandrina,
1630 2008 1809 2076 atque
1855 1995 1930 2053 de

222 2094 648 2150 monticularia
671 2137 693 2162 ,
723 2090 795 2150 de
824 2103 1025 2150 astrea
1058 2107 1293 2174 agatur,
1339 2116 1407 2152 ea
1438 2096 1732 2154 reviviscit
1769 2099 1929 2155 circa

221 2191 568 2275 polyparia,
617 2215 749 2274 quae
813 2196 1179 2253 constituunt
1230 2201 1545 2277 porilem,
1593 2202 1926 2269 oculincam,

221 2296 687 2377 madrepor'am,
731 2289 1194 2376 explaiza'riczm5
1238 2297 1356 2355 imo
1404 2300 1790 2375 affirmarem,
1835 2300 1928 2358 vel

222 2396 417 2477 ipsam
450 2401 882 2478 pollieiporam
911 2395 1320 2456 difficultatem
1345 2400 1640 2478 ingerere.
1671 2400 1927 2460 Multum

222 2510 423 2555 tamen
466 2498 752 2571 interest,
800 2512 1008 2579 agatur
1052 2519 1127 2556 ne
1183 2497 1256 2556 de
1293 2503 1658 2581 pollicipora
1702 2501 1924 2578 fossili,

222 2620 296 2656 an
341 2599 600 2658 viventi:
645 2597 737 2658 fac
785 2620 916 2658 eam
942 2648 958 2676 ,
1006 2601 1150 2680 quin
1205 2599 1281 2660 ad
1339 2603 1661 2661 vetustiora
1705 2627 1923 2686 provo-

222 2721 422 2758 cemus
455 2746 471 2773 ,
519 2702 777 2782 reperiri
823 2702 885 2758 in
927 2700 1230 2769 zeclzstez'n
1256 2752 1273 2780 ,
1322 2702 1569 2781 deinde,
1614 2727 1686 2763 an
1730 2706 1925 2766 valeas

213 2806 639 2883 pellic-iporam
684 2824 1088 2883 cognoscere,
1132 2806 1414 2864 nesciam.
1453 2807 1729 2865 Attamen
1757 2853 1774 2882 ,
1817 2830 1924 2866 ne-

220 2922 337 2982 que
385 2923 455 2961 eo
494 2901 665 2961 nobis
715 2917 1069 2985 perventum
1116 2919 1252 2982 est,
1298 2920 1364 2964 ut
1436 2905 1508 2965 de
1573 2908 1682 2966 hac
1749 2921 1925 2967 aetate

216 3000 534 3083 loquamur
564 3053 581 3081 ,
628 3004 736 3063 sed
781 3004 1035 3064 candide
1093 3027 1333 3088 quoque
1387 3004 1641 3066 fatemur
1685 3011 1926 3068 evenire

217 3103 578 3186 quandoque
610 3127 810 3188 posse,
841 3121 907 3166 ut
938 3115 1005 3168 ex
1037 3105 1277 3189 alicujus
1310 3110 1562 3192 depositi
1605 3109 1802 3169 indole
1840 3110 1923 3168 la-

217 3217 339 3264 teat
372 3211 750 3290 polliciporce
795 3223 1052 3286 natura3
1098 3223 1243 3292 puta
1323 3211 1375 3270 si
1435 3209 1510 3270 de
1557 3234 1771 3272 marna
1807 3260 1827 3284 ,
1874 3213 1926 3272 si
