2324 3631
428 214 542 288 164

442 315 711 365 Lamarclc.
749 314 951 363 Histoir.
987 315 1164 364 invert.
1201 315 1282 362 cit.
1322 324 1440 363 tom.
1479 333 1507 364 2
1541 331 1664 385 pag.
1704 319 1822 366 322.

441 406 737 454 Parkz'nson.
778 401 1005 467 Organic;
1042 402 1276 451 remains.
1315 413 1432 452 tom.
1471 421 1499 452 2
1532 420 1655 471 pag.
1693 422 1776 453 20.

440 493 757 541 Schlotheim.
795 488 968 538 Petris.
1000 506 1126 557 pag.
1165 488 1283 538 366.

442 577 677 644 Goldsus.
715 577 953 627 Petrefac.
991 594 1145 643 germ.
1178 594 1303 645 pag.
1342 594 1408 644 79
1447 577 1550 626 tab.
1588 578 1655 629 25
1681 577 1774 646 fig.
1813 579 1863 640 4.

439 664 800 730 IValzlenberg.
837 682 952 716 nov.
991 674 1086 713 act.
1125 664 1299 714 accad.
1336 665 1506 732 Upsal.
1543 676 1667 715 tom.
1704 665 1735 715 8
1767 682 1892 734 pag.
1929 682 2010 733 99.

434 755 657 802 Fischer.
697 754 884 820 Orrytt.
923 752 993 801 du
1027 754 1252 802 Moscou.
1291 753 1396 801 tab.
1435 753 1501 802 38
1529 753 1623 821 fig.
1661 756 1710 804 3.

435 840 741 890 Volkmann.
781 839 923 890 Siles.
961 840 1092 889 subt.
1134 841 1236 891 tab.
1275 859 1360 890 20.
1377 840 1480 909 fig.
1517 843 1567 891 3.

489 964 663 1023 Circa
691 968 1113 1046 cateniporam
1138 962 1556 1025 esclzaroidem
1598 977 1767 1024 notat
1792 965 2113 1025 Blainville

403 1067 466 1123 in
511 1063 620 1124 hac
650 1067 828 1124 unica
874 1066 1078 1147 specie
1125 1066 1442 1146 quiescere
1489 1086 1675 1148 genus
1720 1064 1795 1124 de
1841 1087 1961 1147 quo
2007 1067 2122 1147 agi-

403 1188 580 1244 mus;
639 1182 840 1227 tamen
886 1182 1009 1226 tam
1051 1171 1411 1250 catenipora
1470 1167 1891 1242 esclzaroides‚
1939 1190 2122 1249 quam

402 1290 586 1351 supra
629 1270 945 1328 recensitae
997 1269 1233 1350 species
1280 1290 1419 1328 vere
1458 1271 1767 1351 pertinent
1811 1268 1887 1328 ad
1930 1289 2118 1352 genus
2194 1340 2198 1342 ,

403 1369 741 1452 singulare,
786 1368 861 1427 de
909 1391 1026 1450 quo
1074 1370 1317 1449 agimus.

485 1473 576 1529 De
631 1474 992 1552 cateniporcc
1047 1475 1338 1548 ancillari,
1394 1471 1587 1551 gravis
1655 1485 1748 1530 est
1812 1475 2119 1553 quaestio,

405 1595 569 1648 eam,
615 1586 681 1631 ut
723 1573 1035 1630 memoriae
1082 1570 1391 1654 proditum
1439 1586 1557 1646 est,
1593 1574 1837 1632 nomine
1881 1575 2122 1634 madre-

399 1698 572 1758 poroe
620 1679 834 1733 Ziliacoe
890 1687 1124 1733 veteres
1185 1695 1517 1755 cognovere
1555 1722 1573 1751 ,
1631 1688 1810 1755 atque
1859 1675 2119 1759 Goldfus

403 1775 636 1836 referre
678 1773 904 1835 studuit
950 1773 1024 1832 ad
1060 1796 1312 1851 novum,
1347 1773 1511 1857 quod
1549 1776 1890 1857 composuit
1934 1798 2120 1859 genus

402 1881 644 1938 nomine
689 1884 1000 1960 aaloporoe
1047 1898 1314 1959 serpen&
1383 1877 1663 1936 Stetisset
1733 1879 1941 1959 utique
1993 1877 2120 1938 haec

403 2003 556 2040 nova
588 1980 907 2064 dispositio
935 2029 952 2058 ,
1000 1981 1117 2039 nisi
1159 1979 1276 2061 jam
1308 1993 1481 2037 antea
1525 1993 1925 2038 memoratum
1967 1979 2124 2040 soret

406 2107 438 2141 a
482 2086 844 2142 Lamoroax
887 2104 1072 2165 genus
1118 2088 1321 2141 alecto
1351 2127 1368 2156 ,
1418 2079 1580 2163 cujus
1627 2082 1689 2138 in
1735 2080 2122 2163 dispendium

403 2199 646 2245 vertere
692 2184 905 2267 procul
951 2183 1132 2243 dubio
1180 2189 1486 2266 αιιῖορονα
1534 2181 1760 2242 debuit.
1800 2184 1938 2243 Non
1984 2181 2120 2241 infi-

407 2287 530 2345 ciar
570 2289 983 2368 catenzporam
1012 2291 1345 2345 axillarem
1374 2288 1436 2344 in
1482 2307 1734 2369 genere,
1769 2307 1889 2367 quo
1927 2286 2126 2368 posita

405 2387 518 2446 fuit
563 2411 594 2445 a
623 2388 915 2464 Lamrlc,
943 2390 1276 2448 consistere
1320 2409 1442 2446 non
1480 2409 1702 2469 posse,
1744 2408 1876 2446 eam
1923 2401 2124 2446 tamen

409 2488 485 2547 ad
526 2495 883 2571 accloporam
930 2492 1241 2571 pertinere
1269 2503 1395 2546 tum
1440 2509 1507 2546 ex
1551 2490 1832 2570 generis,
1878 2502 2005 2552 tum
2053 2511 2120 2549 ex

402 2593 627 2672 speciei
673 2589 1019 2649 definitione
1068 2589 1448 2649 contendam.

494 2689 740 2750 Habitat
785 2736 798 2748 .
846 2738 859 2749 .
907 2737 920 2749 .
967 2692 1291 2773 Reperitur
1337 2691 1532 2772 prode
1578 2691 1789 2775 Effel,
1852 2694 1913 2750 in
1959 2694 2121 2755 Νον-

412 2797 581 2872 vegia
609 2839 626 2869 ‚
672 2794 736 2850 in
772 2793 966 2852 insula
1009 2795 1458 2865 Drammondi,
1505 2817 1698 2877 prope
1741 2796 2012 2855 Ratoslsa
2060 2797 2122 2852 in

415 2896 612 2954 stratiS
681 2894 1121 2977 pertinentibus
1190 2895 1266 2954 ad
1315 2896 1772 2974 gt‘cczcwaelzen.
1821 2912 1878 2956 et
1924 2917 2122 2980 prope

416 3018 578 3057 mare
622 2998 926 3058 Balticzcm
969 3000 1029 3057 in
1076 3001 1270 3058 stratis
1326 2999 1659 3060 (lilzwiam'S.
