2324 3631
1808 232 1824 266 1
1883 211 1914 268 3

302 303 391 360 De
462 300 570 361 hac
614 302 814 385 specie
861 303 1184 362 tenendum
1233 314 1322 364 est
1376 324 1504 363 eam
1561 233 1912 388 depressassin

217 422 375 476 esse,
420 417 599 485 atque
643 424 963 462 concavam
991 403 1397 486 superficiem
1443 407 1604 487 poris
1656 408 1912 468 invicem

219 502 460 563 adnexis
531 516 747 563 tectam
809 525 939 564 esse
972 551 987 580 ,
1055 526 1372 564 convexam
1431 521 1628 565 autem
1693 505 1917 568 habere

221 603 415 664 sulcos
445 602 899 685 longitudinales
923 653 940 681 ,
980 626 1234 685 quorum
1266 608 1581 666 interstitia
1611 609 1775 690 poris
1814 611 1919 668 mi-

220 706 546 764 nutissimis
593 719 826 764 exarata
873 720 1028 765 sunt.

303 803 549 865 Habitat
592 850 606 865 .
653 848 667 863 .
713 851 728 864 .
765 807 1087 889 Reperitur
1130 809 1190 865 in
1236 807 1386 867 colle
1434 810 1808 870 Taurinensi.

579 941 1018 991 LUNULITES
1074 942 1568 993 INTERMEDIA

680 1084 845 1121 nossls
891 1063 1094 1142 (Ταῦ.
1153 1086 1185 1145 7
1213 1064 1332 1143 fig.
1372 1065 1479 1145 4).

216 1196 474 1246 Lunulites
521 1197 779 1265 superficie
815 1214 1077 1262 convexa,
1115 1215 1287 1247 crassa
1313 1238 1326 1262 ,
1380 1202 1744 1266 porosz'ssima3
1789 1204 1931 1268 poris

285 1281 535 1346 adnexis,
576 1286 941 1350 irregularibus
954 1307 974 1340 ,·
1024 1302 1252 1334 concava
1300 1286 1446 1334 sulcis
1489 1288 1791 1355 simplicibus
1841 1306 1931 1337 or-

286 1381 412 1420 nata
428 1393 448 1427 ,·
484 1372 760 1420 interstitiis
797 1373 983 1440 absque
1013 1375 1177 1440 poris.

307 1491 389 1551 Ni
433 1497 722 1551 lzcnulites
766 1499 1081 1553 urceolam
1141 1493 1416 1553 radiatim
1462 1496 1667 1554 striata
1722 1497 1783 1554 in
1829 1518 1925 1556 su-

227 1593 454 1674 periori
513 1592 699 1653 latere
744 1594 937 1672 foret,
986 1594 1261 1654 dubitare
1309 1597 1441 1677 quis
1494 1611 1740 1677 posset,
1786 1621 1928 1656 num

224 1716 357 1754 mea
417 1697 653 1776 species
729 1717 864 1754 cum
925 1695 1136 1754 eadem
1190 1699 1592 1773 conveniret·⁷
1657 1712 1716 1756 at
1778 1699 1930 1757 sulci

227 1818 379 1878 quos
408 1796 677 1857 indicant
722 1798 1155 1880 impedimento
1202 1812 1378 1874 sunt,
1427 1801 1746 1880 quominus
1794 1799 1926 1858 haec

234 1896 570 1981 conjunctio
615 1898 811 1959 locum
857 1898 1076 1959 habere
1126 1914 1342 1981 queat3
1389 1902 1743 1981 ceteroquin
1791 1923 1930 1960 vero

227 1998 498 2059 notamus
526 2048 544 2077 ,
592 1999 765 2060 lentis
809 2022 925 2083 ope
964 2022 1284 2060 vanescere
1321 2022 1449 2059 eam
1475 1999 1932 2083 dispositionem

225 2101 568 2179 sulcorum,
631 2123 810 2183 quam
855 2103 1151 2161 cernimus
1201 2104 1395 2183 prima
1438 2101 1631 2161 fronte
1679 2105 1736 2160 in
1796 2109 1927 2161 Zen-

222 2207 510 2275 tiecclite,
581 2215 758 2284 atque
834 2201 928 2261 hic
982 2201 1129 2261 ordo
1197 2201 1595 2285 probabiliter
1654 2202 1934 2262 coalescit

228 2324 296 2362 ex
348 2305 481 2386 ipsa
524 2302 782 2385 regulari
847 2301 1261 2384 conjunctione
1326 2326 1654 2385 pororum,
1717 2304 1931 2386 quibus

224 2404 457 2488 pollent
501 2419 621 2465 tam
664 2410 970 2477 licrzulites,
1018 2427 1197 2486 quam
1241 2393 1552 2464 cibalae&

311 2504 438 2565 Ubi
483 2520 679 2564 autem
741 2509 1019 2564 usitatam
1084 2504 1368 2586 loquendi
1429 2507 1722 2564 rationem
1767 2505 1934 2564 adhi-

226 2605 371 2666 beas
414 2655 432 2684 ,
481 2628 692 2666 cernes
741 2655 758 2684 ,
815 2629 999 2688 quum
1045 2609 1103 2665 in
1170 2606 1279 2665 hac
1326 2608 1528 2689 specie
1576 2605 1771 2666 desint
1817 2606 1928 2667 511ae

228 2710 559 2790 suppositae
599 2708 774 2767 lineae
815 2710 872 2766 in
910 2708 1059 2767 facie
1101 2710 1431 2792 superiori,
1466 2731 1593 2767 rem
1621 2732 1651 2766 a
1680 2713 1933 2766 chnzilite

228 2811 474 2892 propius
536 2809 610 2868 ad
665 2810 983 2869 or’bzilitem
1048 2809 1371 2869 accedere.
1426 2812 1497 2867 In
1542 2810 1691 2868 facie
1740 2824 1936 2867 autem

228 2908 535 2985 inferiori,
585 2909 748 2991 quod
795 2913 970 2968 etiam
1017 2924 1224 2968 notatu
1290 2910 1741 2992 dignissimum,
1789 2908 1937 2967 sulci

231 3025 551 3070 secernunt
587 3009 817 3087 radios,
852 3032 956 3070 seu
996 3025 1221 3087 costas,
1253 3034 1382 3093 quae
1414 3009 1486 3068 ad
1525 3007 1934 3091 peripheriam

230 3134 261 3168 a
306 3126 513 3171 centro
559 3111 1032 3188 transferuntur,
1078 3114 1138 3170 in
1187 3133 1374 3194 eaque
1421 3111 1769 3191 triangulari
1815 3110 1931 3168 for-

232 3234 327 3269 ma
374 3214 782 3273 terminantur.
829 3215 971 3273 Htec
1019 3227 1214 3273 autern
1263 3213 1493 3294 species
1536 3211 1734 3270 differt
1775 3234 1804 3268 a
1845 3233 1929 3270 su·

1682 3340 1726 3378 13
