2324 3631
411 202 526 263 190

405 279 761 365 diaphanam
817 279 840 359 (
879 274 1038 360 quod
1084 272 1158 332 de
1205 275 1332 332 viva
1377 277 1633 332 lztnzclite
1689 270 1919 332 facilius
1969 293 2111 331 con·

405 383 673 467 cipitur)
718 381 887 439 lineis
934 376 1332 436 concentricis
1377 376 1695 449 munitam,
1740 375 1819 432 ita
1866 396 2112 455 compo·

404 489 609 559 sitam,
659 496 724 541 ut
769 502 953 539 unum
1004 491 1277 537 centrum
1325 474 1575 553 habeat,
1620 473 1779 534 unde
1827 475 2120 557 triangula

407 584 846 671 quamplurima
869 578 1228 663 producant.
1261 579 1539 658 Denique
1567 598 1751 660 poros
1781 578 2120 635 interstitia-

405 687 491 748 les
538 697 862 757 recenset,
911 695 1092 762 atque
1147 684 1436 738 lunulites
1483 677 1734 761 figuram
1781 675 2037 761 praebet.

490 788 628 870 Agit
656 784 877 844 idcirco
910 782 984 842 de
1013 786 1272 841 lccnzclz'te
1304 782 1674 863 proprieque
1714 779 1904 839 dicta:
1936 776 2118 838 modo

408 888 484 949 ad
527 887 815 971 polypum
877 883 1171 944 accedens
1232 884 1355 958 ait3
1397 881 1613 940 animal
1657 879 1861 963 hydrae
1908 882 2122 956 affine,

409 1004 608 1051 crusta
653 987 922 1047 calcarea
965 983 1230 1066 undique
1288 982 1598 1042 obtectum
1636 1031 1655 1059 ,
1721 981 2120 1042 foraminibus

408 1092 703 1154 munitum
748 1089 1095 1164 innumeris,
1143 1085 1500 1163 exilissimis,
1545 1083 1704 1143 unde
1752 1100 1999 1162 exerunt
2032 1107 2124 1145 ca-

410 1194 599 1278 pitula
629 1242 647 1270 ,
696 1214 803 1253 seu
848 1185 952 1249 ora
990 1186 1366 1271 cylindracea
1411 1209 1671 1270 superne
1720 1187 2125 1265 tentaculata;

413 1294 716 1356 tentacula
759 1293 927 1351 mirae
960 1291 1259 1350 tenuitatis
1285 1338 1302 1367 ,
1341 1291 1400 1347 in
1441 1311 1726 1348 coronam
1777 1288 2123 1349 infundibu-

413 1397 712 1457 liformem
750 1393 1041 1475 disposita
1072 1413 1086 1467 3
1133 1413 1311 1450 sensu
1341 1393 1635 1472 exquisito
1666 1438 1684 1468 ,
1730 1389 2126 1451 mobilissimo

416 1513 586 1559 motu
630 1494 921 1556 retractili
966 1494 1124 1551 inter
1167 1492 1475 1551 foramina.

495 1601 654 1660 Dum
697 1612 899 1657 tamen
936 1597 1216 1654 Cavolim‘
1246 1615 1395 1677 opus
1436 1615 1727 1668 memore,
1767 1592 1873 1653 abs
1915 1616 1980 1654 re
2004 1616 2129 1653 non

417 1704 529 1763 erit
573 1702 993 1760 auctoritatem
1021 1700 1251 1757 Allioni
1297 1698 1709 1778 interponere,
1757 1698 1855 1778 qui
1903 1695 1977 1755 de
2025 1718 2130 1756 sua

412 1806 781 1886 Ῑηαᾱνθρονα
806 1802 1172 1860 Αιῑείιόεασε
1205 1800 1282 1857 ait
1310 1847 1327 1874 ,
1357 1797 1553 1856 tribuo
1590 1797 1701 1856 hoc
1743 1820 1959 1856 nomen
2001 1821 2131 1857 cor-

416 1905 679 1991 pusculis
728 1901 1085 1985 quibusdam
1139 1902 1197 1958 in
1261 1899 1411 1958 colle
1458 1900 1815 1959 Taurinensi
1877 1900 2066 1966 obviis
2103 1949 2122 1977 ,

421 2029 677 2091 quorum
704 2004 884 2064 facies
932 2024 1188 2062 convexa
1229 2016 1318 2060 est
1362 2003 1525 2084 poris
1575 2003 1836 2062 minimis
1867 2048 1884 2077 ,
1932 2004 2126 2085 iisque

420 2105 1000 2169 communicantibus
1048 2102 1312 2184 undique
1353 2101 1644 2179 cribrata3
1691 2126 1950 2163 concava
1987 2126 2130 2163 vero

420 2211 613 2272 sulcos
653 2208 1032 2268 tenuissimos
1061 2254 1080 2284 ,
1127 2228 1158 2263 a
1196 2219 1404 2264 centro
1468 2203 1542 2264 ad
1591 2205 2002 2289 peripheriam
2032 2229 2126 2265 ra-

423 2313 618 2373 diatos
667 2309 920 2370 exhibet.

513 2413 832 2473 Circularis
874 2426 934 2471 et
972 2409 1403 2493 aliquantulum
1440 2407 1713 2469 dentatus
1742 2424 1833 2470 est
1878 2409 2134 2471 ambitus

422 2515 591 2598 hujus
636 2514 886 2592 fossilis,
933 2512 1094 2594 cujus
1136 2512 1496 2570 diametrum
1534 2510 1686 2569 linea
1733 2535 1849 2570 una
1894 2512 1966 2571 ad
2014 2529 2134 2573 tres

424 2619 784 2701 parisienses
808 2638 871 2676 se
898 2614 1176 2674 extendit:
1195 2615 1491 2673 crassities
1523 2616 1612 2673 vix
1634 2617 1942 2674 semissem
1966 2615 2135 2676 lineae

427 2733 630 2801 aequat
672 2763 686 2777 .
742 2763 757 2778 .
804 2762 817 2776 .
865 2716 1052 2797 (vide
1097 2718 1272 2775 Oritt.
1321 2715 1557 2799 pedem.
1606 2720 1933 2800 specimen.
1982 2732 2133 2776 auct.

426 2823 674 2882 Allc'oni.
721 2823 989 2880 Parisiis,
1054 2819 1226 2902 1757.
1277 2842 1410 2901 pag.
1491 2819 1561 2878 16
1608 2834 1666 2878 et
1713 2821 1835 2899 17).
1904 2822 2135 2880 Primus

429 2923 609 3004 igitur
654 2923 902 3004 insignis
950 2920 1259 2980 botanices
1302 2922 1501 2980 cultor
1547 2920 1661 2979 hoc
1701 2943 1885 3002 genus
1932 2920 2135 2981 fossile

429 3024 708 3082 indicavit
745 3073 763 3101 ,
838 3023 1001 3105 quod
1078 3026 1305 3082 invenit
1378 3025 1437 3079 in
1506 3022 1654 3081 colle
1732 3024 2134 3099 Taurinensi3

431 3125 649 3183 deinde
696 3127 754 3183 in
819 3126 941 3185 aliis
991 3125 1132 3185 locis
1194 3141 1502 3209 repertum
1550 3141 1686 3200 est,
1755 3139 1878 3184 tum
1942 3149 2135 3207 prope

430 3226 818 3300 Maestriclzt,
849 3242 970 3288 tum
997 3231 1055 3288 in
1085 3231 1490 3306 Nornzamlm,
1522 3243 1644 3288 tum
1677 3251 1867 3311 prope
1894 3230 2130 3305 Kassel,
