<?xml version="1.0" encoding="UTF-8"?>
<!DOCTYPE html PUBLIC "-//W3C//DTD XHTML 1.0 Transitional//EN"
    "http://www.w3.org/TR/xhtml1/DTD/xhtml1-transitional.dtd">
<html xmlns="http://www.w3.org/1999/xhtml" xml:lang="en" lang="en">
 <head>
  <title>
</title>
<meta http-equiv="Content-Type" content="text/html;charset=utf-8" />
  <meta name='ocr-system' content='tesseract 3.04.00' />
  <meta name='ocr-capabilities' content='ocr_page ocr_carea ocr_par ocr_line ocrx_word'/>
</head>
<body>
  <div class='ocr_page' id='page_1' title='image "./specimenzoophyto00mich_0042.png"; bbox 0 0 2324 3631; ppageno 0'>
   <div class='ocr_carea' id='block_1_1' title="bbox 363 188 2100 3321">
    <p class='ocr_par' dir='ltr' id='par_1_1' title="bbox 369 188 446 262">
     <span class='ocr_line' id='line_1_1' title="bbox 369 188 446 262; baseline 0 0"><span class='ocrx_word' id='word_1_1' title='bbox 369 188 446 262; x_wconf 74' lang='lat'>34</span> 
     </span>
    </p>

    <p class='ocr_par' dir='ltr' id='par_1_2' title="bbox 363 281 2096 1388">
     <span class='ocr_line' id='line_1_2' title="bbox 365 281 2092 373; baseline -0.003 -24"><span class='ocrx_word' id='word_1_2' title='bbox 365 303 574 373; x_wconf 81' lang='lat' dir='ltr'>ptores</span> <span class='ocrx_word' id='word_1_3' title='bbox 622 304 952 370; x_wconf 85' lang='lat' dir='ltr'>provocare</span> <span class='ocrx_word' id='word_1_4' title='bbox 1003 281 1294 359; x_wconf 80' lang='lat' dir='ltr'>audeam3</span> <span class='ocrx_word' id='word_1_5' title='bbox 1343 292 1547 343; x_wconf 82' lang='lat' dir='ltr'>tamen</span> <span class='ocrx_word' id='word_1_6' title='bbox 1601 293 1811 342; x_wconf 86' lang='lat' dir='ltr'>notare</span> <span class='ocrx_word' id='word_1_7' title='bbox 1865 282 1950 343; x_wconf 86' lang='lat' dir='ltr'>sas</span> <span class='ocrx_word' id='word_1_8' title='bbox 2011 287 2092 344; x_wconf 78' lang='lat' dir='ltr'>sit</span> 
     </span>
     <span class='ocr_line' id='line_1_3' title="bbox 371 381 2093 469; baseline -0.003 -19"><span class='ocrx_word' id='word_1_9' title='bbox 371 391 573 450; x_wconf 89' lang='lat' dir='ltr'>omnia</span> <span class='ocrx_word' id='word_1_10' title='bbox 633 407 853 469; x_wconf 79' lang='lat' dir='ltr'>genera</span> <span class='ocrx_word' id='word_1_11' title='bbox 911 398 1242 444; x_wconf 86' lang='lat' dir='ltr'>memorata</span> <span class='ocrx_word' id='word_1_12' title='bbox 1295 381 1438 441; x_wconf 85' lang='lat' dir='ltr'>nihil</span> <span class='ocrx_word' id='word_1_13' title='bbox 1483 382 1644 443; x_wconf 87' lang='lat' dir='ltr'>aliud</span> <span class='ocrx_word' id='word_1_14' title='bbox 1690 404 1864 459; x_wconf 83' lang='lat' dir='ltr'>esse,</span> <span class='ocrx_word' id='word_1_15' title='bbox 1912 406 2093 467; x_wconf 87' lang='lat' dir='ltr'>quam</span> 
     </span>
     <span class='ocr_line' id='line_1_4' title="bbox 372 483 2091 575; baseline -0.002 -25"><span class='ocrx_word' id='word_1_16' title='bbox 372 491 730 575; x_wconf 81' lang='lat' dir='ltr'>partitiones</span> <span class='ocrx_word' id='word_1_17' title='bbox 780 510 915 569; x_wconf 80' lang='lat' dir='ltr'>quae</span> <span class='ocrx_word' id='word_1_18' title='bbox 957 490 1297 567; x_wconf 70' lang='lat' dir='ltr'><em>gorgonias</em></span> <span class='ocrx_word' id='word_1_19' title='bbox 1345 483 1591 566; x_wconf 87' lang='lat' dir='ltr'>quidem</span> <span class='ocrx_word' id='word_1_20' title='bbox 1637 486 1935 559; x_wconf 83' lang='lat' dir='ltr'>afficiunt,</span> <span class='ocrx_word' id='word_1_21' title='bbox 1983 486 2091 546; x_wconf 88' lang='lat' dir='ltr'>sed</span> 
     </span>
     <span class='ocr_line' id='line_1_5' title="bbox 363 586 2091 652; baseline -0.003 0"><span class='ocrx_word' id='word_1_22' title='bbox 363 597 426 652; x_wconf 87' lang='lat' dir='ltr'>in</span> <span class='ocrx_word' id='word_1_23' title='bbox 475 613 571 651; x_wconf 84' lang='lat' dir='ltr'>eas</span> <span class='ocrx_word' id='word_1_24' title='bbox 619 590 896 649; x_wconf 88' lang='lat' dir='ltr'>incidunt</span> <span class='ocrx_word' id='word_1_25' title='bbox 940 588 1485 649; x_wconf 76' lang='lat' dir='ltr'>indiscriminatim:</span> <span class='ocrx_word' id='word_1_26' title='bbox 1527 609 1667 647; x_wconf 90' lang='lat' dir='ltr'>sane</span> <span class='ocrx_word' id='word_1_27' title='bbox 1706 590 1755 647; x_wconf 88' lang='lat' dir='ltr'>si</span> <span class='ocrx_word' id='word_1_28' title='bbox 1800 586 1944 645; x_wconf 82' lang='lat' dir='ltr'>mihi</span> <span class='ocrx_word' id='word_1_29' title='bbox 1991 587 2091 647; x_wconf 89' lang='lat' dir='ltr'>de-</span> 
     </span>
     <span class='ocr_line' id='line_1_6' title="bbox 363 689 2090 773; baseline -0.003 -20"><span class='ocrx_word' id='word_1_30' title='bbox 363 706 807 754; x_wconf 76' lang='lat' dir='ltr'>monstraretur</span> <span class='ocrx_word' id='word_1_31' title='bbox 844 690 1132 773; x_wconf 76' lang='lat' dir='ltr'>polypum</span> <span class='ocrx_word' id='word_1_32' title='bbox 1181 689 1357 748; x_wconf 87' lang='lat' dir='ltr'>alium</span> <span class='ocrx_word' id='word_1_33' title='bbox 1406 711 1560 766; x_wconf 90' lang='lat' dir='ltr'>esse,</span> <span class='ocrx_word' id='word_1_34' title='bbox 1607 689 1845 749; x_wconf 89' lang='lat' dir='ltr'>silerem</span> <span class='ocrx_word' id='word_1_35' title='bbox 1875 689 2090 772; x_wconf 88' lang='lat' dir='ltr'>procul</span> 
     </span>
     <span class='ocr_line' id='line_1_7' title="bbox 367 790 2094 874; baseline -0.002 -20"><span class='ocrx_word' id='word_1_36' title='bbox 367 796 577 872; x_wconf 86' lang='lat' dir='ltr'>dubio,</span> <span class='ocrx_word' id='word_1_37' title='bbox 626 808 684 853; x_wconf 85' lang='lat' dir='ltr'>et</span> <span class='ocrx_word' id='word_1_38' title='bbox 727 795 787 851; x_wconf 89' lang='lat' dir='ltr'>in</span> <span class='ocrx_word' id='word_1_39' title='bbox 831 792 1136 852; x_wconf 83' lang='lat' dir='ltr'>fossilibus</span> <span class='ocrx_word' id='word_1_40' title='bbox 1177 791 1499 874; x_wconf 84' lang='lat' dir='ltr'>polypariis</span> <span class='ocrx_word' id='word_1_41' title='bbox 1547 790 1963 874; x_wconf 78' lang='lat' dir='ltr'>investigando</span> <span class='ocrx_word' id='word_1_42' title='bbox 2010 804 2094 850; x_wconf 89' lang='lat' dir='ltr'>te-</span> 
     </span>
     <span class='ocr_line' id='line_1_8' title="bbox 363 893 2096 980; baseline -0.002 -23"><span class='ocrx_word' id='word_1_43' title='bbox 363 920 530 957; x_wconf 83' lang='lat' dir='ltr'>mere</span> <span class='ocrx_word' id='word_1_44' title='bbox 572 918 815 980; x_wconf 75' lang='lat' dir='ltr'>agerem</span> <span class='ocrx_word' id='word_1_45' title='bbox 855 917 924 953; x_wconf 85' lang='lat' dir='ltr'>ea</span> <span class='ocrx_word' id='word_1_46' title='bbox 966 893 1407 976; x_wconf 79' lang='lat' dir='ltr'>conjungendO,</span> <span class='ocrx_word' id='word_1_47' title='bbox 1433 916 1567 975; x_wconf 81' lang='lat' dir='ltr'>quae</span> <span class='ocrx_word' id='word_1_48' title='bbox 1608 907 1819 952; x_wconf 86' lang='lat' dir='ltr'>natura</span> <span class='ocrx_word' id='word_1_49' title='bbox 1846 895 1978 977; x_wconf 87' lang='lat' dir='ltr'>ipsa</span> <span class='ocrx_word' id='word_1_50' title='bbox 2007 913 2096 953; x_wconf 87' lang='lat' dir='ltr'>se-</span> 
     </span>
     <span class='ocr_line' id='line_1_9' title="bbox 363 994 2090 1082; baseline -0.003 -24"><span class='ocrx_word' id='word_1_51' title='bbox 363 999 575 1082; x_wconf 78' lang='lat' dir='ltr'>junxit3</span> <span class='ocrx_word' id='word_1_52' title='bbox 607 998 716 1057; x_wconf 85' lang='lat' dir='ltr'>sed</span> <span class='ocrx_word' id='word_1_53' title='bbox 742 1020 879 1055; x_wconf 86' lang='lat' dir='ltr'>cum</span> <span class='ocrx_word' id='word_1_54' title='bbox 911 1018 979 1054; x_wconf 79' lang='lat' dir='ltr'>ex</span> <span class='ocrx_word' id='word_1_55' title='bbox 1006 997 1351 1054; x_wconf 87' lang='lat' dir='ltr'>memoratis</span> <span class='ocrx_word' id='word_1_56' title='bbox 1392 994 1790 1077; x_wconf 83' lang='lat' dir='ltr'>scriptoribus</span> <span class='ocrx_word' id='word_1_57' title='bbox 1832 997 2090 1055; x_wconf 87' lang='lat' dir='ltr'>eruerim</span> 
     </span>
     <span class='ocr_line' id='line_1_10' title="bbox 365 1095 2090 1182; baseline -0.002 -22"><span class='ocrx_word' id='word_1_58' title='bbox 365 1101 644 1161; x_wconf 84' lang='lat' dir='ltr'>eumdem</span> <span class='ocrx_word' id='word_1_59' title='bbox 666 1099 954 1182; x_wconf 83' lang='lat' dir='ltr'>polypum</span> <span class='ocrx_word' id='word_1_60' title='bbox 977 1095 1254 1156; x_wconf 87' lang='lat' dir='ltr'>omnibus</span> <span class='ocrx_word' id='word_1_61' title='bbox 1279 1119 1660 1156; x_wconf 88' lang='lat' dir='ltr'>communem</span> <span class='ocrx_word' id='word_1_62' title='bbox 1683 1117 1815 1158; x_wconf 89' lang='lat' dir='ltr'>esse</span> <span class='ocrx_word' id='word_1_63' title='bbox 1832 1095 2090 1157; x_wconf 87' lang='lat' dir='ltr'>inductis</span> 
     </span>
     <span class='ocr_line' id='line_1_11' title="bbox 372 1200 2092 1286; baseline -0.003 -24"><span class='ocrx_word' id='word_1_64' title='bbox 372 1203 721 1286; x_wconf 76' lang='lat' dir='ltr'>generibus,</span> <span class='ocrx_word' id='word_1_65' title='bbox 766 1200 1262 1276; x_wconf 85' lang='lat' dir='ltr'>fundamentum,</span> <span class='ocrx_word' id='word_1_66' title='bbox 1308 1201 1401 1258; x_wconf 91' lang='lat' dir='ltr'>cui</span> <span class='ocrx_word' id='word_1_67' title='bbox 1449 1213 1536 1258; x_wconf 88' lang='lat' dir='ltr'>tot</span> <span class='ocrx_word' id='word_1_68' title='bbox 1589 1201 1949 1282; x_wconf 78' lang='lat' dir='ltr'>partitiones</span> <span class='ocrx_word' id='word_1_69' title='bbox 1998 1219 2092 1258; x_wconf 86' lang='lat' dir='ltr'>ex·</span> 
     </span>
     <span class='ocr_line' id='line_1_12' title="bbox 366 1299 1738 1388; baseline -0.004 -24"><span class='ocrx_word' id='word_1_70' title='bbox 366 1307 642 1388; x_wconf 78' lang='lat' dir='ltr'>cogitatae</span> <span class='ocrx_word' id='word_1_71' title='bbox 687 1305 1054 1378; x_wconf 78' lang='lat' dir='ltr'>innitantur,</span> <span class='ocrx_word' id='word_1_72' title='bbox 1103 1299 1363 1361; x_wconf 79' lang='lat' dir='ltr'>deficere</span> <span class='ocrx_word' id='word_1_73' title='bbox 1412 1299 1738 1360; x_wconf 86' lang='lat' dir='ltr'>contendo.</span> 
     </span>
    </p>

    <p class='ocr_par' dir='ltr' id='par_1_3' title="bbox 367 1402 2100 2201">
     <span class='ocr_line' id='line_1_13' title="bbox 449 1402 2090 1488; baseline -0.003 -22"><span class='ocrx_word' id='word_1_74' title='bbox 449 1407 665 1488; x_wconf 80' lang='lat' dir='ltr'>Neque</span> <span class='ocrx_word' id='word_1_75' title='bbox 710 1404 808 1463; x_wconf 88' lang='lat' dir='ltr'>hic</span> <span class='ocrx_word' id='word_1_76' title='bbox 855 1403 1003 1462; x_wconf 87' lang='lat' dir='ltr'>illud</span> <span class='ocrx_word' id='word_1_77' title='bbox 1055 1405 1353 1485; x_wconf 79' lang='lat' dir='ltr'>contingit</span> <span class='ocrx_word' id='word_1_78' title='bbox 1409 1402 1572 1485; x_wconf 86' lang='lat' dir='ltr'>quod</span> <span class='ocrx_word' id='word_1_79' title='bbox 1623 1405 1684 1462; x_wconf 90' lang='lat' dir='ltr'>in</span> <span class='ocrx_word' id='word_1_80' title='bbox 1736 1402 2090 1481; x_wconf 77' lang='lat' dir='ltr'>antipatlze,</span> 
     </span>
     <span class='ocr_line' id='line_1_14' title="bbox 377 1504 2092 1587; baseline -0.002 -20"><span class='ocrx_word' id='word_1_81' title='bbox 377 1524 438 1568; x_wconf 88' lang='lat' dir='ltr'>et</span> <span class='ocrx_word' id='word_1_82' title='bbox 482 1510 543 1565; x_wconf 88' lang='lat' dir='ltr'>in</span> <span class='ocrx_word' id='word_1_83' title='bbox 575 1515 578 1518; x_wconf 74' lang='grc'><strong>’</strong></span> <span class='ocrx_word' id='word_1_84' title='bbox 607 1511 907 1581; x_wconf 70' lang='grc' dir='ltr'><em>εοιάἶίἰος</em></span> <span class='ocrx_word' id='word_1_85' title='bbox 954 1528 1091 1563; x_wconf 88' lang='lat' dir='ltr'>nam</span> <span class='ocrx_word' id='word_1_86' title='bbox 1159 1507 1275 1564; x_wconf 81' lang='lat' dir='ltr'>axis</span> <span class='ocrx_word' id='word_1_87' title='bbox 1342 1504 1662 1587; x_wconf 86' lang='lat' dir='ltr'>peculiaris</span> <span class='ocrx_word' id='word_1_88' title='bbox 1731 1504 2092 1587; x_wconf 82' lang='lat' dir='ltr'>dispositiO,</span> 
     </span>
     <span class='ocr_line' id='line_1_15' title="bbox 369 1605 2094 1694; baseline -0.003 -25"><span class='ocrx_word' id='word_1_89' title='bbox 369 1609 733 1694; x_wconf 76' lang='lat' dir='ltr'>polyporum</span> <span class='ocrx_word' id='word_1_90' title='bbox 777 1607 1013 1666; x_wconf 90' lang='lat' dir='ltr'>diversa</span> <span class='ocrx_word' id='word_1_91' title='bbox 1058 1605 1289 1664; x_wconf 85' lang='lat' dir='ltr'>indoles</span> <span class='ocrx_word' id='word_1_92' title='bbox 1316 1654 1334 1683; x_wconf 96' lang='lat'>,</span> <span class='ocrx_word' id='word_1_93' title='bbox 1378 1605 1589 1664; x_wconf 87' lang='lat' dir='ltr'>saltem</span> <span class='ocrx_word' id='word_1_94' title='bbox 1641 1627 1709 1665; x_wconf 89' lang='lat' dir='ltr'>ex</span> <span class='ocrx_word' id='word_1_95' title='bbox 1763 1605 2094 1664; x_wconf 90' lang='lat' dir='ltr'>eorundem</span> 
     </span>
     <span class='ocr_line' id='line_1_16' title="bbox 369 1706 2092 1790; baseline -0.003 -20"><span class='ocrx_word' id='word_1_96' title='bbox 369 1712 830 1786; x_wconf 80' lang='lat' dir='ltr'>alimentorum,</span> <span class='ocrx_word' id='word_1_97' title='bbox 877 1723 1057 1790; x_wconf 82' lang='lat' dir='ltr'>atque</span> <span class='ocrx_word' id='word_1_98' title='bbox 1105 1706 1463 1789; x_wconf 82' lang='lat' dir='ltr'>digestionis</span> <span class='ocrx_word' id='word_1_99' title='bbox 1529 1709 1759 1766; x_wconf 83' lang='lat' dir='ltr'>ratione</span> <span class='ocrx_word' id='word_1_100' title='bbox 1790 1754 1807 1782; x_wconf 97' lang='lat'>,</span> <span class='ocrx_word' id='word_1_101' title='bbox 1868 1708 2092 1766; x_wconf 86' lang='lat' dir='ltr'>versari</span> 
     </span>
     <span class='ocr_line' id='line_1_17' title="bbox 367 1807 2086 1892; baseline -0.002 -20"><span class='ocrx_word' id='word_1_102' title='bbox 367 1813 716 1873; x_wconf 86' lang='lat' dir='ltr'>discrimina</span> <span class='ocrx_word' id='word_1_103' title='bbox 747 1814 807 1870; x_wconf 91' lang='lat' dir='ltr'>in</span> <span class='ocrx_word' id='word_1_104' title='bbox 833 1815 1154 1891; x_wconf 61' lang='lat' dir='ltr'>gorgonia&amp;</span> <span class='ocrx_word' id='word_1_105' title='bbox 1184 1831 1370 1892; x_wconf 80' lang='lat' dir='ltr'>genus</span> <span class='ocrx_word' id='word_1_106' title='bbox 1403 1808 1716 1868; x_wconf 83' lang='lat' dir='ltr'>evidenter</span> <span class='ocrx_word' id='word_1_107' title='bbox 1741 1807 2086 1868; x_wconf 88' lang='lat' dir='ltr'>ostendunt.</span> 
     </span>
     <span class='ocr_line' id='line_1_18' title="bbox 367 1910 2093 1997; baseline -0.002 -23"><span class='ocrx_word' id='word_1_108' title='bbox 367 1914 584 1997; x_wconf 81' lang='lat' dir='ltr'>Neque</span> <span class='ocrx_word' id='word_1_109' title='bbox 639 1935 706 1973; x_wconf 85' lang='lat' dir='ltr'>ex</span> <span class='ocrx_word' id='word_1_110' title='bbox 761 1917 904 1984; x_wconf 75' lang='lat' dir='ltr'>isis,</span> <span class='ocrx_word' id='word_1_111' title='bbox 950 1911 1041 1970; x_wconf 91' lang='lat' dir='ltr'>vel</span> <span class='ocrx_word' id='word_1_112' title='bbox 1107 1915 1356 1969; x_wconf 75' lang='lat' dir='ltr'>meliceoe</span> <span class='ocrx_word' id='word_1_113' title='bbox 1425 1910 1713 1970; x_wconf 89' lang='lat' dir='ltr'>divisione</span> <span class='ocrx_word' id='word_1_114' title='bbox 1783 1910 2093 1994; x_wconf 84' lang='lat' dir='ltr'>quidpiam</span> 
     </span>
     <span class='ocr_line' id='line_1_19' title="bbox 379 2011 2100 2099; baseline -0.002 -23"><span class='ocrx_word' id='word_1_115' title='bbox 379 2015 595 2098; x_wconf 84' lang='lat' dir='ltr'>conjici</span> <span class='ocrx_word' id='word_1_116' title='bbox 634 2037 815 2099; x_wconf 86' lang='lat' dir='ltr'>posse</span> <span class='ocrx_word' id='word_1_117' title='bbox 854 2013 929 2072; x_wconf 87' lang='lat' dir='ltr'>ad</span> <span class='ocrx_word' id='word_1_118' title='bbox 967 2036 1094 2072; x_wconf 88' lang='lat' dir='ltr'>rem</span> <span class='ocrx_word' id='word_1_119' title='bbox 1134 2026 1432 2090; x_wconf 89' lang='lat' dir='ltr'>nostram,</span> <span class='ocrx_word' id='word_1_120' title='bbox 1465 2026 1691 2089; x_wconf 88' lang='lat' dir='ltr'>crusta,</span> <span class='ocrx_word' id='word_1_121' title='bbox 1724 2012 1965 2096; x_wconf 79' lang='lat' dir='ltr'>polypi,</span> <span class='ocrx_word' id='word_1_122' title='bbox 2006 2011 2100 2072; x_wconf 82' lang='lat' dir='ltr'>vel</span> 
     </span>
     <span class='ocr_line' id='line_1_20' title="bbox 368 2118 962 2201; baseline -0.002 -24"><span class='ocrx_word' id='word_1_123' title='bbox 368 2120 485 2178; x_wconf 80' lang='lat' dir='ltr'>axis</span> <span class='ocrx_word' id='word_1_124' title='bbox 527 2120 677 2176; x_wconf 90' lang='lat' dir='ltr'>ratio</span> <span class='ocrx_word' id='word_1_125' title='bbox 717 2118 962 2201; x_wconf 84' lang='lat' dir='ltr'>patitur.</span> 
     </span>
    </p>

    <p class='ocr_par' dir='ltr' id='par_1_4' title="bbox 371 2214 2097 3321">
     <span class='ocr_line' id='line_1_21' title="bbox 453 2214 2089 2301; baseline -0.003 -22"><span class='ocrx_word' id='word_1_126' title='bbox 453 2222 670 2301; x_wconf 85' lang='lat' dir='ltr'>Neque</span> <span class='ocrx_word' id='word_1_127' title='bbox 719 2221 898 2278; x_wconf 86' lang='lat' dir='ltr'>etiam</span> <span class='ocrx_word' id='word_1_128' title='bbox 946 2229 1331 2301; x_wconf 82' lang='lat' dir='ltr'>opponantur</span> <span class='ocrx_word' id='word_1_129' title='bbox 1368 2214 1717 2299; x_wconf 85' lang='lat' dir='ltr'>superficies</span> <span class='ocrx_word' id='word_1_130' title='bbox 1758 2217 2089 2294; x_wconf 83' lang='lat' dir='ltr'>continuae,</span> 
     </span>
     <span class='ocr_line' id='line_1_22' title="bbox 371 2317 2092 2405; baseline -0.002 -25"><span class='ocrx_word' id='word_1_131' title='bbox 371 2323 794 2405; x_wconf 83' lang='lat' dir='ltr'>prominentiae</span> <span class='ocrx_word' id='word_1_132' title='bbox 834 2320 1068 2396; x_wconf 77' lang='lat' dir='ltr'>effusae,</span> <span class='ocrx_word' id='word_1_133' title='bbox 1111 2319 1311 2394; x_wconf 81' lang='lat' dir='ltr'>elatae,</span> <span class='ocrx_word' id='word_1_134' title='bbox 1336 2317 1430 2377; x_wconf 87' lang='lat' dir='ltr'>vel</span> <span class='ocrx_word' id='word_1_135' title='bbox 1460 2340 1799 2400; x_wconf 85' lang='lat' dir='ltr'>squamosae</span> <span class='ocrx_word' id='word_1_136' title='bbox 1834 2332 1892 2377; x_wconf 92' lang='lat' dir='ltr'>et</span> <span class='ocrx_word' id='word_1_137' title='bbox 1922 2341 2092 2400; x_wconf 86' lang='lat' dir='ltr'>aper-</span> 
     </span>
     <span class='ocr_line' id='line_1_23' title="bbox 373 2419 2091 2506; baseline -0.003 -24"><span class='ocrx_word' id='word_1_138' title='bbox 373 2439 505 2483; x_wconf 85' lang='lat' dir='ltr'>tura</span> <span class='ocrx_word' id='word_1_139' title='bbox 541 2422 835 2506; x_wconf 71' lang='lat' dir='ltr'>praeditae,</span> <span class='ocrx_word' id='word_1_140' title='bbox 875 2422 966 2481; x_wconf 88' lang='lat' dir='ltr'>vel</span> <span class='ocrx_word' id='word_1_141' title='bbox 1006 2420 1359 2504; x_wconf 87' lang='lat' dir='ltr'>pyriformes</span> <span class='ocrx_word' id='word_1_142' title='bbox 1383 2467 1397 2496; x_wconf 94' lang='lat'>,</span> <span class='ocrx_word' id='word_1_143' title='bbox 1437 2420 1529 2478; x_wconf 89' lang='lat' dir='ltr'>vel</span> <span class='ocrx_word' id='word_1_144' title='bbox 1569 2419 1881 2503; x_wconf 88' lang='lat' dir='ltr'>dispositio</span> <span class='ocrx_word' id='word_1_145' title='bbox 1922 2420 2091 2504; x_wconf 84' lang='lat' dir='ltr'>poly-</span> 
     </span>
     <span class='ocr_line' id='line_1_24' title="bbox 374 2520 2096 2608; baseline -0.002 -23"><span class='ocrx_word' id='word_1_146' title='bbox 374 2548 621 2608; x_wconf 80' lang='lat' dir='ltr'>porum,</span> <span class='ocrx_word' id='word_1_147' title='bbox 673 2524 766 2584; x_wconf 84' lang='lat' dir='ltr'>vel</span> <span class='ocrx_word' id='word_1_148' title='bbox 819 2524 1214 2607; x_wconf 87' lang='lat' dir='ltr'>papillarum,</span> <span class='ocrx_word' id='word_1_149' title='bbox 1268 2520 1779 2604; x_wconf 87' lang='lat' dir='ltr'>quemadmodum</span> <span class='ocrx_word' id='word_1_150' title='bbox 1826 2523 2096 2581; x_wconf 85' lang='lat' dir='ltr'>innititur</span> 
     </span>
     <span class='ocr_line' id='line_1_25' title="bbox 374 2623 2095 2707; baseline -0.002 -21"><span class='ocrx_word' id='word_1_151' title='bbox 374 2626 943 2706; x_wconf 66' lang='lat' dir='ltr'>Eh1²enzberg3nam</span> <span class='ocrx_word' id='word_1_152' title='bbox 982 2623 1425 2684; x_wconf 88' lang='lat' dir='ltr'>considerando</span> <span class='ocrx_word' id='word_1_153' title='bbox 1468 2638 1685 2683; x_wconf 86' lang='lat' dir='ltr'>statum</span> <span class='ocrx_word' id='word_1_154' title='bbox 1726 2623 2095 2707; x_wconf 85' lang='lat' dir='ltr'>peculiarem</span> 
     </span>
     <span class='ocr_line' id='line_1_26' title="bbox 377 2727 2095 2811; baseline -0.002 -24"><span class='ocrx_word' id='word_1_155' title='bbox 377 2727 616 2811; x_wconf 73' lang='lat' dir='ltr'>cujusve</span> <span class='ocrx_word' id='word_1_156' title='bbox 650 2733 992 2808; x_wconf 75' lang='lat' dir='ltr'>gorgonice,</span> <span class='ocrx_word' id='word_1_157' title='bbox 1023 2741 1260 2787; x_wconf 80' lang='lat' dir='ltr'>aetatem</span> <span class='ocrx_word' id='word_1_158' title='bbox 1283 2776 1299 2805; x_wconf 87' lang='lat'>,</span> <span class='ocrx_word' id='word_1_159' title='bbox 1332 2742 1393 2786; x_wconf 90' lang='lat' dir='ltr'>et</span> <span class='ocrx_word' id='word_1_160' title='bbox 1429 2727 1626 2786; x_wconf 87' lang='lat' dir='ltr'>locum</span> <span class='ocrx_word' id='word_1_161' title='bbox 1665 2727 1723 2784; x_wconf 92' lang='lat' dir='ltr'>in</span> <span class='ocrx_word' id='word_1_162' title='bbox 1765 2749 1884 2807; x_wconf 85' lang='lat' dir='ltr'>quo</span> <span class='ocrx_word' id='word_1_163' title='bbox 1915 2747 2095 2808; x_wconf 88' lang='lat' dir='ltr'>repe-</span> 
     </span>
     <span class='ocr_line' id='line_1_27' title="bbox 377 2826 2097 2913; baseline -0.001 -25"><span class='ocrx_word' id='word_1_164' title='bbox 377 2833 615 2890; x_wconf 81' lang='lat' dir='ltr'>riuntur</span> <span class='ocrx_word' id='word_1_165' title='bbox 654 2831 826 2890; x_wconf 85' lang='lat' dir='ltr'>facile</span> <span class='ocrx_word' id='word_1_166' title='bbox 860 2830 1298 2913; x_wconf 77' lang='lat' dir='ltr'>dignoscemus,</span> <span class='ocrx_word' id='word_1_167' title='bbox 1329 2829 1421 2889; x_wconf 86' lang='lat' dir='ltr'>vel</span> <span class='ocrx_word' id='word_1_168' title='bbox 1450 2831 1512 2888; x_wconf 91' lang='lat' dir='ltr'>in</span> <span class='ocrx_word' id='word_1_169' title='bbox 1542 2828 1705 2888; x_wconf 88' lang='lat' dir='ltr'>hisce</span> <span class='ocrx_word' id='word_1_170' title='bbox 1737 2826 2097 2910; x_wconf 84' lang='lat' dir='ltr'>speciebuS,</span> 
     </span>
     <span class='ocr_line' id='line_1_28' title="bbox 380 2927 2094 3015; baseline -0.002 -24"><span class='ocrx_word' id='word_1_171' title='bbox 380 2956 513 3015; x_wconf 77' lang='lat' dir='ltr'>quae</span> <span class='ocrx_word' id='word_1_172' title='bbox 555 2936 921 2994; x_wconf 89' lang='lat' dir='ltr'>constituunt</span> <span class='ocrx_word' id='word_1_173' title='bbox 963 2946 1291 2993; x_wconf 87' lang='lat' dir='ltr'>memorata</span> <span class='ocrx_word' id='word_1_174' title='bbox 1337 2953 1557 3014; x_wconf 81' lang='lat' dir='ltr'>genera</span> <span class='ocrx_word' id='word_1_175' title='bbox 1581 2929 1801 3013; x_wconf 83' lang='lat' dir='ltr'>pluries</span> <span class='ocrx_word' id='word_1_176' title='bbox 1842 2927 2094 2989; x_wconf 90' lang='lat' dir='ltr'>indictos</span> 
     </span>
     <span class='ocr_line' id='line_1_29' title="bbox 380 3030 2096 3117; baseline -0.004 -22"><span class='ocrx_word' id='word_1_177' title='bbox 380 3033 753 3095; x_wconf 83' lang='lat' dir='ltr'>characteres</span> <span class='ocrx_word' id='word_1_178' title='bbox 787 3035 1027 3113; x_wconf 86' lang='lat' dir='ltr'>deesse,</span> <span class='ocrx_word' id='word_1_179' title='bbox 1060 3035 1146 3094; x_wconf 86' lang='lat' dir='ltr'>vel</span> <span class='ocrx_word' id='word_1_180' title='bbox 1184 3036 1242 3093; x_wconf 83' lang='lat' dir='ltr'>in</span> <span class='ocrx_word' id='word_1_181' title='bbox 1275 3034 1544 3117; x_wconf 88' lang='lat' dir='ltr'>plurimis</span> <span class='ocrx_word' id='word_1_182' title='bbox 1586 3032 1697 3092; x_wconf 91' lang='lat' dir='ltr'>illis</span> <span class='ocrx_word' id='word_1_183' title='bbox 1739 3030 2096 3115; x_wconf 86' lang='lat' dir='ltr'>speciebus,</span> 
     </span>
     <span class='ocr_line' id='line_1_30' title="bbox 381 3133 2095 3218; baseline -0.002 -23"><span class='ocrx_word' id='word_1_184' title='bbox 381 3159 527 3218; x_wconf 83' lang='lat' dir='ltr'>quas</span> <span class='ocrx_word' id='word_1_185' title='bbox 575 3136 763 3197; x_wconf 87' lang='lat' dir='ltr'>adhuc</span> <span class='ocrx_word' id='word_1_186' title='bbox 812 3140 969 3197; x_wconf 90' lang='lat' dir='ltr'>inter</span> <span class='ocrx_word' id='word_1_187' title='bbox 1010 3142 1345 3218; x_wconf 74' lang='lat' dir='ltr'>gorgonias</span> <span class='ocrx_word' id='word_1_188' title='bbox 1386 3137 1802 3212; x_wconf 88' lang='lat' dir='ltr'>retinuerunt,</span> <span class='ocrx_word' id='word_1_189' title='bbox 1849 3133 2095 3206; x_wconf 82' lang='lat' dir='ltr'>adesse,</span> 
     </span>
     <span class='ocr_line' id='line_1_31' title="bbox 383 3236 2097 3321; baseline -0.002 -26"><span class='ocrx_word' id='word_1_190' title='bbox 383 3260 515 3320; x_wconf 74' lang='lat' dir='ltr'>quae</span> <span class='ocrx_word' id='word_1_191' title='bbox 562 3240 619 3298; x_wconf 88' lang='lat' dir='ltr'>in</span> <span class='ocrx_word' id='word_1_192' title='bbox 669 3239 963 3321; x_wconf 83' lang='lat' dir='ltr'>aliquibus</span> <span class='ocrx_word' id='word_1_193' title='bbox 1022 3239 1366 3300; x_wconf 80' lang='lat' dir='ltr'>memoratis</span> <span class='ocrx_word' id='word_1_194' title='bbox 1432 3236 1754 3320; x_wconf 80' lang='lat' dir='ltr'>generibus</span> <span class='ocrx_word' id='word_1_195' title='bbox 1820 3255 2097 3318; x_wconf 86' lang='lat' dir='ltr'>compre-</span> 
     </span>
    </p>
   </div>
  </div>
 </body>
</html>
