2324 3631
1813 194 1834 229 1

305 273 551 334 Habitat
594 316 608 332 .
655 316 669 330 .
713 315 729 332 .
774 315 789 329 .
821 271 1144 353 Reperitur
1187 289 1380 352 prope
1423 269 1716 346 Moscou,
1762 169 1926 330 et4it51

229 373 607 458 Delphinatu.

532 520 1120 573 MONTICULARIA
1177 518 1624 571 GUETTARDI

479 664 742 702 FISCHER.
787 663 974 702 NOBIS.
1023 641 1223 718 (Tab.
1272 641 1307 702 5
1341 642 1502 720 ,flg.
1547 639 1660 716 6.)

231 779 597 829 Monticularia
641 780 796 827 stellis
833 779 1035 826 elevatis
1063 817 1076 842 ,
1113 780 1332 843 magras,-
1388 777 1671 842 elongatis:
1710 775 1931 824 lamellis

294 868 560 916 incurvatis
583 865 817 932 formam
856 866 886 914 S
924 865 1291 915 aemulantibus.

258 1003 482 1052 Fischer.
517 1001 794 1052 Recherch.
830 1020 879 1051 η.
920 1021 966 1069 7.
1003 1005 1017 1063 (
1046 999 1430 1069 Hydnophora)

261 1089 532 1139 Guettard.
569 1092 719 1139 Mem.
759 1092 806 1139 3.
843 1091 946 1138 tab.
984 1089 1067 1151 64.
1102 1088 1187 1155 fig.
1235 1105 1275 1136 1.
1314 1088 1363 1148 4.
1402 1085 1450 1136 5.

261 1179 532 1227 Lamarclt.
568 1178 692 1225 Hist.
730 1176 817 1226 des
856 1178 1007 1225 anim.
1043 1177 1126 1223 cit.
1164 1173 1243 1222 ed.
1280 1185 1401 1223 tom.
1437 1191 1486 1222 2.
1518 1187 1641 1240 pag.
1681 1172 1797 1238 395.

265 1276 267 1278 ’
318 1281 576 1340 Attentis
624 1280 850 1355 stellis,
891 1278 983 1338 vel
1018 1279 1322 1360 margine,
1368 1276 1472 1357 qui
1499 1273 1804 1357 elongatus
1851 1287 1943 1333 est

238 1395 422 1463 atque
466 1382 834 1440 meandrinoe
878 1381 1227 1438 memoriam
1273 1390 1518 1436 revocat
1561 1376 1663 1454 (ni
1708 1374 1946 1434 adesset

238 1483 716 1562 circumscriptio
784 1479 952 1562 hujus
997 1481 1279 1561 marginis
1348 1479 1408 1535 in
1469 1475 1653 1536 stellis
1700 1473 1944 1555 hujusce

213 1585 464 1665 speciei
497 1584 543 1662 )‚
588 1581 875 1641 habemus
914 1602 1117 1639 veram
1146 1577 1576 1639 monticulariae
1621 1576 1946 1636 Gzcettardi

239 1684 578 1765 imaginem.
626 1683 843 1741 Cetera
888 1681 1144 1741 clariora
1182 1694 1337 1739 sunt.

327 1781 571 1841 Habitat
616 1827 628 1840 .
675 1828 688 1842 .
738 1827 750 1839 .
797 1783 1123 1864 Reperitur
1160 1802 1355 1864 prope
1384 1781 1641 1839 Moscoa
1677 1778 1820 1836 etin
1842 1776 1943 1835 ab-

241 1884 401 1945 batia
417 1883 571 1944 dieta
588 1885 664 1945 de
687 1885 932 1944 Μοὶἐηε
963 1885 1024 1942 in
1051 1882 1273 1960 Gallia,
1310 1896 1372 1942 et
1395 1902 1590 1964 prope
1620 1880 1943 1939 Veronam.

549 2034 1161 2084 MONTICULARIA
1216 2035 1252 2083 B
1277 2029 1642 2082 ORGUETII

975 2177 1219 2215 FISCHER

245 2294 613 2349 Montlcularia
652 2293 804 2342 stellis
846 2293 1065 2357 elevati5‚
1090 2293 1285 2355 conicis,
1313 2289 1527 2339 lamellis
1550 2288 1659 2338 basi
1672 2286 1948 2355 bifurcatis.

271 2432 493 2481 Fischer.
529 2431 805 2481 Recherch.
841 2449 889 2479 n.
927 2429 975 2479 8.
1015 2427 1437 2497 (hydnophora)

275 2519 544 2568 Guettard.
581 2521 732 2569 Mem.
771 2521 819 2568 3.
858 2520 963 2567 tab.
1002 2519 1085 2580 44.
1102 2517 1205 2586 fig.
1243 2516 1304 2580 5,
1343 2534 1367 2582 7
1401 2553 1415 2579 ‚
1454 2513 1502 2563 8.

271 2606 561 2655 Blainville.
599 2608 730 2655 Man.
768 2606 967 2655 d'actin.
999 2622 1121 2673 pag.
1161 2603 1279 2665 364.

273 2694 420 2742 Lam.
457 2694 580 2742 Hist.
608 2692 693 2742 des
731 2693 882 2741 anim.
923 2704 1040 2742 tom.
1078 2710 1125 2739 2.
1155 2707 1278 2759 pag.
1317 2688 1436 2756 395.

329 2799 663 2880 Siexeipias
682 2812 902 2875 notam,
944 2818 1120 2878 quam
1150 2794 1381 2854 addidit
1417 2792 1550 2851 huic
1575 2790 1951 2873 specieillffil-

243 2901 675 2974 ne—EdwczrdS,
715 2914 1109 2983 utpotequam
1159 2914 1659 2979 supravacaneam
1701 2911 1947 2973 prorsus

249 2998 556 3078 ducimus;
597 3015 795 3059 cetera
835 2999 1007 3059 firma
1046 2997 1389 3073 manebunt,
1426 2991 1623 3076 quoad
1663 2992 1948 3074 speciem,

250 3123 427 3183 quam
464 3101 724 3161 Fischer
762 3100 979 3160 dicavit
1007 3103 1129 3160 viro
1159 3097 1377 3181 jamdiu
1414 3093 1774 3177 aplerisque
1813 3088 1950 3148 Gal-

250 3202 342 3263 liae
381 3202 770 3286 scriptoribus
806 3201 1024 3277 oblit03
1065 3202 1164 3283 qui
1185 3214 1381 3260 tamen
1420 3217 1648 3257 summa
1686 3214 1827 3253 cura
1864 3203 1949 3250 at-

1696 3336 1743 3363 10
