2324 3631
1755 251 1772 285 1
1832 252 1861 286 o

799 328 1244 392 ESCHARA.
1787 250 1824 307 9

400 548 743 605 ATHENEUS,
793 549 1014 588 PALLAS
1042 575 1060 603 ,
1110 547 1632 588 MILNE-EDWARDS.

177 731 512 798 Polyparium
569 728 950 797 sublapideum3
989 728 1439 798 explanationibus
1476 727 1709 795 rigidulis
1739 767 1751 794 ,
1789 731 1878 778 vel

234 817 453 885 politis,·
508 816 994 881 lamellfformzbus,
1059 817 1284 865 tenuibus
1313 854 1327 879 ,
1371 815 1653 882 fragilibus
1687 855 1700 881 ,
1760 820 1889 865 intus

232 905 572 973 perosis-simis
597 941 610 967 ‚
649 905 857 970 integris
882 943 894 966 ,
933 916 1022 952 aut
1059 903 1242 953 divisis.

183 993 499 1060 Polyporum
560 992 752 1040 celluloe
807 993 1196 1059 quamplurimae
1226 1030 1239 1054 ‚
1276 992 1540 1057 contiguae,
1578 989 1886 1039 adhaerentes

242 1080 294 1126 in
331 1089 544 1145 utraque
581 1078 838 1145 superficie
859 1079 1155 1145 polyparii‚
1192 1079 1512 1145 operculatoe.

182 1163 455 1234 Superficie
495 1167 744 1229 utrimque
768 1165 1073 1232 fenestrata.

264 1334 506 1394 Jamdiu
543 1349 943 1394 memoratum
975 1356 1162 1417 genus
1195 1334 1674 1417 investigandum
1719 1335 1891 1395 nobis

183 1450 492 1511 remanet}
528 1435 601 1494 de
650 1458 768 1517 quo
797 1449 995 1494 tamen
1040 1456 1153 1494 nec
1194 1433 1468 1517 ambigua
1513 1435 1683 1511 ade0,
1728 1450 1793 1495 ut
1839 1439 1897 1494 in

185 1536 598 1618 superioribus
627 1535 960 1617 disquisitio
994 1535 1163 1615 adest
1193 1583 1210 1612 ,
1256 1538 1493 1595 attentis
1528 1537 1598 1594 iis
1642 1559 1778 1617 quae
1799 1559 1902 1594 no-

186 1651 310 1696 stra
349 1651 523 1696 aetate
566 1637 948 1695 contulerunt
977 1651 1103 1695 tum
1135 1639 1331 1696 Grant
1363 1640 1455 1714 (1)
1473 1685 1489 1713 ,
1519 1639 1721 1698 Lister
1767 1642 1828 1713 (2
1821 1644 1897 1714 ),

192 1751 318 1797 tum
354 1739 886 1799 Mane-Edwards
907 1785 929 1809 ,
977 1760 1096 1820 quo
1128 1736 1277 1796 duce
1308 1740 1543 1820 potiora
1581 1737 1654 1796 ad
1683 1738 1895 1797 escha-

192 1861 300 1898 ras
343 1840 743 1922 pertinentia,
791 1841 1111 1921 ipsumque
1157 1861 1343 1922 genus
1392 1861 1459 1899 ex
1503 1838 1774 1921 professo
1820 1841 1902 1897 in-

190 1931 611 2021 vestigandum⁴
656 1941 1032 2022 suscipimus.

275 2039 551 2100 Docebat
621 2042 875 2111 Panas,
921 2039 1209 2101 escharas
1274 2042 1531 2124 reperiri
1590 2040 1793 2100 obvias
1842 2042 1903 2098 in

190 2143 343 2201 mari
389 2156 568 2223 atque
592 2140 871 2201 exhibere
902 2141 1235 2224 simplicem
1265 2157 1544 2219 crustam,
1568 2164 1700 2224 quae
1720 2156 1902 2201 strata

194 2242 286 2303 vel
329 2242 563 2326 plantas
611 2244 944 2303 constituit:
992 2245 1040 2303 si
1086 2246 1368 2305 attentius
1416 2266 1516 2304 eas
1562 2243 1904 2304 considere-

194 2368 325 2406 mus
373 2344 598 2405 donare
665 2348 850 2405 series
914 2347 1222 2406 continuas
1290 2346 1631 2406 cellularum
1681 2348 1905 2428 passim

192 2445 512 2505 bifurcatas
559 2446 684 2506 sere
723 2446 1063 2529 parallelas.

287 2545 462 2607 «Ubi
508 2563 782 2608 recentes
833 2562 891 2607 et
914 2550 1069 2608 vivas
1095 2550 1155 2607 in
1188 2570 1341 2630 aqua
1370 2550 1580 2622 maris,
1628 2567 1790 2630 saepe
1818 2569 1907 2607 re-

197 2662 449 2726 novata,
496 2670 649 2709 escae
697 2672 913 2727 causa,
973 2652 1300 2710 servaveris
1344 2649 1677 2726 escharaS,
1723 2663 1907 2709 extre-

199 2772 359 2808 mam
405 2747 655 2831 cujusvis
701 2752 881 2811 seriei
927 2750 1203 2811 cellulam
1248 2753 1417 2833 quasi
1470 2750 1714 2811 trudere
1760 2772 1906 2809 con-

215 3067 284 3123 (1)
315 3068 625 3111 Observations
655 3070 705 3109 of
729 3083 786 3109 on
816 3071 888 3111 the
921 3069 1085 3112 struet.
1126 3070 1212 3111 and
1242 3075 1386 3110 natur.
1433 3068 1478 3108 ol
1504 3068 1687 3110 flustrae.
1721 3067 1906 3110 Edhim-

330 3143 451 3198 burg.
488 3157 596 3182 new.
629 3142 734 3198 phil.
763 3143 915 3200 journ.
949 3144 1040 3185 vol.
1075 3144 1113 3184 3.

217 3214 293 3269 (2)
324 3215 444 3255 Some
476 3217 687 3256 observat.
720 3230 777 3256 on
808 3218 880 3257 the
912 3224 1063 3258 struet.
1098 3218 1182 3257 and
1214 3217 1346 3257 sonet.
1393 3217 1441 3256 of
1465 3215 1608 3257 tubul.
1642 3215 1727 3256 and
1757 3214 1904 3255 cellul.

360 3287 513 3341 philos.
545 3298 748 3329 transact.
786 3290 901 3342 1834.
