2324 3631
1883 254 1951 314 Ι7

246 324 570 386 habeamus
610 337 892 404 tanquam
923 324 1221 406 primaevae
1256 326 1442 387 aetatis
1470 326 1687 402 incola,
1719 326 1952 408 cujusve

250 428 339 486 rei
385 426 581 507 quoad
626 424 962 507 geologiam
1018 426 1418 506 maximopere
1474 426 1736 508 optanda
1795 427 1952 490 foret

259 529 554 585 contraria
587 527 897 596 sententia,
924 547 1101 605 quum
1138 547 1201 582 ea
1234 525 1308 583 ad
1337 531 1603 585 antozcz's
1634 530 1950 608 pertineat,

252 628 514 709 alioquin
553 647 690 683 vero
734 646 850 682 non
896 624 1183 684 deficiunt
1223 625 1577 685 documenta
1614 631 1672 685 in
1712 629 1951 712 polypa-

245 731 348 786 riis
389 731 557 786 insita
596 724 669 782 ad
701 723 848 782 hanc
882 724 1131 783 classem
1165 729 1549 806 pertinentia,
1583 749 1713 785 eam
1752 743 1951 788 tamen

246 850 363 887 non
405 824 812 884 desideramus
853 828 910 882 in
951 825 1316 906 cataclysmis
1349 829 1781 907 posterioribus
1813 852 1949 911 geo-

244 929 441 1010 logiae3
485 948 619 984 nam
658 940 886 984 certum
926 940 1016 984 est
1061 948 1191 983 eam
1238 928 1494 986 extitisse
1540 931 1599 986 in
1648 929 1944 990 diluviano

241 1052 361 1090 aevo
402 1044 579 1110 atque
623 1042 916 1100 cretaceO,
954 1028 1040 1086 uti
1079 1025 1302 1086 docent
1341 1027 1638 1111 exempla,
1678 1051 1812 1111 quae
1850 1031 1948 1090 ha-

241 1129 450 1189 bemus
500 1132 557 1188 in
607 1131 836 1206 Svetia,
884 1131 942 1186 in
988 1130 1357 1205 Germania,
1403 1143 1462 1188 et
1507 1129 1661 1188 alibi.

324 1233 393 1287 In
460 1230 752 1288 diluviana
805 1245 976 1290 aetate
1030 1244 1228 1288 autem
1286 1244 1448 1289 certe
1514 1230 1687 1290 litora
1751 1255 1945 1316 popu-

239 1330 393 1390 lasse
425 1352 531 1389 nos
567 1329 783 1390 docent
820 1345 1003 1390 strata
1042 1330 1351 1412 geologica
1389 1332 1448 1388 in
1477 1334 1677 1390 Dania
1709 1349 1969 1394 extensa

240 1454 498 1514 quaeque
522 1447 906 1491 memoratam
927 1447 1259 1491 cretaceam
1255 1432 1695 1514 formationem
1719 1449 1947 1518 tegunt,

242 1555 496 1615 quarum
522 1538 985 1592 sertulariarzcm
1014 1533 1238 1614 aliquot
1267 1533 1598 1614 fragmenta
1625 1535 1766 1595 mihi
1793 1560 1948 1596 com·

241 1635 403 1692 misit
433 1633 917 1714 praeclarissimus
945 1635 1031 1691 vir
1060 1633 1539 1694 Forclzlcammer
1573 1637 1634 1694 in
1672 1635 1783 1696 hoc
1814 1659 1946 1720 spe·

246 1736 466 1792 cimine
512 1732 713 1791 relata.

321 1832 586 1892 Numero
623 1854 764 1892 sane
804 1831 1005 1916 plures
1039 1854 1170 1893 esse
1194 1832 1418 1893 debent
1445 1841 1777 1896 sertularioe
1809 1859 1944 1918 quae

237 1935 297 1992 in
337 1932 657 2015 geologicis
700 1933 1070 1993 documentis
1114 1934 1357 2010 adsunt,
1387 1936 1495 1995 sed
1526 1959 1709 2018 quum
1743 1960 1948 1998 earum

237 2033 522 2115 fragilitas
570 2037 1085 2094 conservationem
1144 2036 1432 2118 impediat
1493 2037 1585 2097 vel
1649 2059 1744 2097 eas
1812 2062 1945 2098 cor-

239 2150 508 2218 rumpat,
555 2151 618 2194 ut
664 2136 880 2217 pluries
909 2185 924 2211 ,
973 2136 1117 2218 quid
1162 2137 1274 2196 hoc
1320 2140 1564 2197 nornine
1609 2141 1804 2199 veniat
1852 2162 1946 2198 co·—

242 2240 446 2318 gnosci
484 2252 775 2318 nequeat,
814 2238 1048 2297 aliunde
1089 2261 1230 2297 vero
1272 2262 1455 2320 quum
1493 2261 1604 2299 nec
1641 2263 1758 2298 una
1803 2255 1948 2300 stra-

241 2352 437 2397 torum
490 2338 756 2415 indoles,
805 2362 938 2420 quae
986 2339 1167 2398 modo
1213 2343 1433 2422 magis,
1479 2340 1657 2400 modo
1712 2344 1946 2419 minus,

242 2438 421 2498 modo
461 2438 602 2497 nihil
642 2442 881 2498 omnino
919 2447 1256 2501 sertularz’oe
1295 2444 1732 2502 conservationi
1760 2442 1944 2521 favet,

246 2562 503 2622 pronum
551 2554 640 2599 est
684 2539 1040 2600 concludere
1085 2543 1156 2601 iis
1204 2542 1617 2601 tantummodo
1663 2544 1722 2601 in
1767 2543 1940 2618 lociS‚

246 2655 426 2722 atque
461 2639 747 2721 adjunctis
781 2640 991 2725 perfici
1022 2664 1202 2725 posse
1233 2646 1576 2727 specierum
1612 2659 1949 2705 accuratam

246 2740 715 2824 descriptionem
776 2742 881 2800 ubi
943 2759 1306 2807 memoratus
1369 2760 1736 2825 concurrat,
1793 2760 1945 2807 stra-

248 2855 442 2902 torum
490 2857 669 2925 atque
712 2845 942 2905 numeri
987 2843 1169 2907 favor.
