2324 3631
410 177 483 238 16

402 184 532 361 jag
585 291 759 338 antea
814 279 1021 336 Pallas
1084 272 1177 352 (1)
1223 270 1363 331 dum
1419 267 1751 346 describit,
1794 270 2113 352 madrepo‘*

400 404 536 440 ram
596 381 882 438 seriatam
954 373 1273 457 praeditam
1325 393 1455 432 esse
1513 373 1677 454 poris
1725 369 2064 430 Stellatibus
2097 416 2115 446 ,

400 477 919 564 longitudinaliter
977 476 1208 534 seriatis
1247 522 1265 550 ‚
1328 471 1512 554 idque
1586 472 1663 532 ad
1726 472 1911 554 ipsius
1970 474 2114 531 Lin-

401 586 520 640 noei
575 578 939 661 exemplum.
1014 579 1128 635 Est
1189 590 1390 635 tamen
1449 572 1717 655 aliquid,
1765 570 1930 654 quod.
1974 591 2118 630 con-

403 682 623 742 cedere
672 680 962 739 debemus
1002 677 1139 737 huic
1188 676 1589 751 distinctioni3
1636 689 1695 734 et
1740 695 1884 734 sane
1927 671 2121 731 forma

407 795 818 864 setyatoporoe
857 778 1322 861 haudquaquam
1373 777 1690 835 convenire
1738 787 1944 859 potest
1987 795 2125 832 cum

395 888 594 966 porite
617 930 640 955 2
677 883 816 942 licet
843 896 1099 963 utraque
1139 881 1376 962 species
1407 901 1591 961 poros
1624 877 1844 937 habeat
1873 873 1948 936 ad-
1986 894 2124 936 eurr-

404 984 544 1045 dem
586 983 832 1044 modum
900 984 1321 1065 composit053
1388 979 1608 1039 deinde
1675 994 1804 1039 tota
1860 979 2124 1061 quaestio

412 1089 590 1146 etiam
654 1085 976 1145 resolvitur
1035 1082 1237 1166 quoad
1291 1104 1498 1156 axem,
1544 1102 1671 1140 non
1716 1080 1984 1164 ejusdem
2021 1102 2127 1137 na-

408 1203 558 1249 turae
605 1191 668 1247 in
713 1209 835 1246 uno
877 1210 945 1246 ac
990 1189 1049 1244 in
1079 1186 1267 1245 altero
1314 1206 1557 1267 genere.
1602 1185 1742 1244 Nou
1785 1182 2126 1243 inconsulto

402 1292 605 1372 itaque
631 1339 648 1367 7
710 1310 832 1348 non
877 1289 1179 1346 immerito
1225 1287 1779 1347 ZVIiZne-Eldwards
1825 1299 1993 1344 notat
2034 1305 2127 1344 se-

403 1396 752 1473 ryatoporis
799 1390 1125 1448 convenire
1171 1388 1426 1447 tributos
1474 1386 1852 1447 characteres
1902 1388 2017 1467 (2).

494 1492 586 1550 De
616 1495 839 1572 porite,
873 1511 1006 1572 quae
1037 1490 1335 1548 invenitur
1359 1490 1419 1546 in
1446 1501 1604 1547 statu
1625 1486 1831 1562 fossili,
1859 1490 1908 1547 si
1931 1491 2132 1547 Flem-

419 1598 589 1672 ming
625 1594 891 1676 ‘excipias
921 1640 939 1669 ,
1005 1592 1108 1673 qui
1153 1612 1335 1649 unam
1401 1591 1668 1672 speciem
1719 1591 2075 1649 memoravit
2112 1638 2131 1668 ,

415 1698 476 1755 in
498 1694 710 1778 Anglia
748 1708 1086 1777 repertam,
1110 1716 1144 1752 a
1180 1694 1527 1752 Par-lsinson
1560 1689 1794 1751 allatam
1818 1692 1935 1773 (3),
1967 1688 2134 1774 cuju-s

408 1811 643 1858 aetatem
689 1795 1154 1877 haudquaquam
1199 1808 1587 1877 perspectam
1632 1792 1826 1853 habeo
1865 1841 1883 1869 ,
1950 1816 2131 1854 nemo

409 1898 486 1958 de
516 1920 585 1958 ea
614 1897 1034 1957 disserendum
1064 1918 1132 1956 ex
1162 1895 1437 1979 professo
1477 1897 1761 1979 suscepit.
1793 1895 2123 1957 Videamus

408 2002 675 2083 potiores
735 2002 970 2083 species
1003 2049 1022 2077 ,
1094 2021 1230 2081 quae
1304 2001 1668 2058 dilavianam
1732 1998 2134 2082 praeseferuniz

417 2115 679 2162 aetatem.

872 2277 1206 2329 PORITES
1263 2276 1685 2328 ACULEATA

882 2405 1048 2443 NOBIS
1109 2384 1312 2464 (Tab.
1358 2382 1539 2463 Gfig.
1593 2389 1672 2461 1)

407 2504 631 2567 Porites,
671 2504 960 2571 explanata
984 2542 998 2567 ,
1026 2503 1502 2569 undam-gibbosa,
1541 2503 1697 2551 stellis
1733 2505 2004 2569 contiguis,
2041 2520 2137 2552 an-

475 2592 691 2656 gulosis,
718 2593 945 2640 concavis
970 2630 982 2655 ‚
1015 2591 1215 2660 pistillo
1248 2591 1593 2658 prominulis;
1632 2593 1864 2656 margine
1891 2602 2097 2641 crenato
2117 2628 2131 2654 ‚

483 2680 863 2744 immarginato.

504 2813 625 2873 Diu
664 2813 929 2873 dubitavi
957 2861 974 2890 ,
1022 2837 1096 2873 an
1133 2812 1263 2875 haec
1279 2820 1517 2897 por’ites
1552 2813 1883 2875 referretur
1911 2813 1984 2874 ad
2018 2812 2137 2897 jam

436 3025 506 3080 (1)
538 3027 702 3067 Pallas.
738 3027 960 3069 Elenchus
993 3028 1146 3082 zooph.
1180 3043 1279 3084 pag.
1317 3029 1411 3069 336.
1446 3042 1487 3069 η.
1525 3028 1617 3083 198.

545 3101 729 3141 Gmelin.
765 3100 953 3154 Systcm.
988 3109 1135 3143 natur.
1167 3117 1268 3158 pag.
1303 3102 1437 3156 3780,
1472 3117 1532 3157 sp.
1574 3112 1664 3142 102.

430 3170 501 3226 (2)
530 3172 931 3215 Mune-Edwards.
967 3174 1098 3216 Auct.
1133 3176 1185 3215 ad
1217 3173 1434 3215 Lamarek
1466 3174 1539 3215 cit.
1578 3184 1674 3215 com.
1709 3188 1746 3215 2.
1779 3189 1876 3231 pag.
1913 3174 2010 3228 481.

431 3243 499 3299 (3)
531 3244 787 3287 Par-Imma.
821 3248 971 3302 Organ
1001 3248 1218 3290 Rcmains.
1257 3258 1352 3290 tom.
1388 3262 1428 3289 2.
1465 3249 1545 3289 tab.
1584 3248 1620 3289 5.
1641 3246 1731 3303 fig
1767 3263 1807 3302 9.
