2324 3631
401 170 515 241 150

384 283 466 341 cit
498 282 807 343 Edwards
849 279 924 340 de
954 280 1330 339 meandt'inoe
1376 279 1614 364 polypis
1650 279 1833 340 verba
1863 280 2113 359 faciens;

390 381 654 465 alioquin
697 404 839 442 vero
871 379 1272 464 improbabile
1321 383 1564 441 omnino
1600 395 1688 441 est
1722 382 2111 466 Ehremberg'

385 499 726 544 accuratum
748 485 1254 565 investigatorem,
1282 485 1340 541 in
1369 484 1500 565 ipso
1524 483 1722 543 limine
1747 486 1925 544 maris
1942 485 2111 546 rubri

394 588 707 668 ignorasse
755 583 828 643 de
870 606 989 667 quo
1036 585 1295 667 polypO,
1343 583 1415 643 cle
1447 606 1566 666 quo
1611 585 1924 669 polypario
1971 608 2112 671 age-

385 701 569 748 retur.
632 689 762 767 Ego
825 700 1168 769 tegumenta
1222 688 1529 768 inquirens
1563 734 1581 764 ,
1653 702 1932 770 putarem
1973 736 1991 765 ‚
2059 689 2113 749 si

386 789 447 847 in
491 791 978 861 monticulariis,
1008 792 1224 847 astreis
1266 786 1521 868 aliisque
1555 787 1879 871 polypariis
1906 787 2116 848 lamel-

388 889 578 949 liferis
628 886 843 949 adsunt
890 889 1206 963 tentacula,
1255 888 1465 948 adesse
1513 889 1725 971 procul
1773 889 1957 950 dubio
2006 888 2106 950 de·

381 991 529 1051 here
577 993 638 1050 in
685 992 1076 1066 meandrina,
1109 989 1294 1073 cuim,
1340 991 1430 1049 sin
1473 989 1705 1068 eadem,
1745 991 1954 1057 saltem
1988 1012 2109 1052 non

392 1093 680 1154 absimilis
729 1108 957 1152 natura.

468 1196 620 1268 Quae
643 1193 715 1253 de
747 1193 1182 1253 monticulariis
1218 1191 1459 1268 tradita,
1501 1191 1576 1251 ad
1601 1191 1982 1253 meandrinas
2013 1213 2110 1253 ex-

392 1295 565 1355 tendi
612 1293 928 1354 commode
967 1307 1219 1378 possunt
1248 1296 1410 1353 circa
1442 1308 1624 1354 strata
1656 1295 1716 1352 in
1754 1293 1968 1377 quibus
2014 1316 2112 1354 re-

393 1398 728 1480 periuntur.

686 1530 1166 1583 MEANDRINA
1227 1530 1842 1583 LABYRINTHICA

1150 1657 1371 1697 PALLAS

398 1757 713 1809 fileandrina
773 1759 1185 1827 hemisphaerica,
1232 1757 1550 1824 anfractibus
1587 1760 1750 1826 longis
1777 1798 1791 1824 ,
1830 1762 2066 1811 tortuosis
2087 1783 2114 1819 ,-

453 1847 668 1896 collibus
704 1847 1026 1914 simplicibus,
1052 1847 1321 1895 subacutis.

415 1975 565 2024 Seba.
603 1975 750 2024 Thes.
788 1987 888 2024 tau.
935 1993 1044 2042 109.
1070 1975 1167 2043 fig.
1205 1993 1273 2042 9;
1322 1993 1397 2025 io.
1436 1976 1538 2024 tab.
1585 1993 1696 2024 112.
1733 1975 1817 2042 fig.
1856 1995 1884 2026 2
1915 2015 1929 2041 ,
1967 1980 2017 2028 3.

418 2063 596 2112 Gualt.
634 2061 792 2111 Index
829 2071 1003 2112 testae.
1035 2074 1174 2130 part.
1216 2065 1264 2112 3.
1301 2063 1449 2111 class.
1488 2064 1537 2112 3.
1577 2063 1678 2112 tab.
1718 2064 1801 2113 51.

414 2151 611 2200 Pallas.
650 2148 897 2199 Elenchus
937 2150 1117 2218 zooph.
1148 2167 1272 2219 pag.
1312 2168 1429 2218 297.
1453 2150 1708 2219 (madrep.
1732 2149 2116 2220 labyrinthicaj

415 2240 592 2306 Esper.
632 2238 1137 2289 Pssanzenthier.vol.
1185 2256 1225 2288 1.
1265 2240 1367 2288 tal).
1407 2242 1454 2289 3.

415 2328 687 2376 Lamarclf.
726 2328 934 2376 Histoir.
976 2328 1155 2375 invert.
1193 2330 1276 2376 cit.
1303 2339 1423 2376 tom.
1464 2344 1655 2395 2.pag.
1685 2327 1803 2378 386.

417 2414 744 2480 Elzremberg.
783 2416 933 2463 Me'm.
974 2415 1150 2482 polyp.
1182 2433 1307 2483 pag.
1346 2433 1430 2482 99.

472 2520 683 2578 Varias
732 2518 1021 2578 habemus
1071 2543 1195 2602 prae
1251 2519 1434 2579 oculis
1484 2520 1799 2580 citationes
1867 2519 1940 2580 de
1986 2543 2115 2581 ma-

393 2617 655 2701 drepora
699 2619 1140 2703 labyrinthica,
1189 2643 1335 2703 quas
1381 2623 1539 2681 inter
1583 2624 2118 2684 Altina-Edwards

392 2723 563 2802 ponit
621 2720 1034 2782 definitionem
1105 2726 1314 2783 Pallas
1340 2773 1357 2801 ,
1424 2726 1664 2783 nornine
1731 2724 2114 2807 maclreporae

391 2821 786 2899 meandrites3
834 2847 970 2906 quae
1012 2839 1210 2885 tamen
1242 2849 1376 2885 cum
1410 2841 1614 2885 nostra
1642 2828 1844 2906 specie
1871 2828 2114 2886 minime

394 2927 672 2984 convenit
697 2949 710 3001 3
757 2948 894 2984 nam
923 2927 1286 3010 madrepora
1315 2930 1680 2988 meana-'ntes
1703 2930 1938 2986 Linnoei
1967 2950 2117 2987 con-

392 3026 553 3083 venit
600 3049 734 3086 cum
780 3027 1140 3111 madrepora
1211 3028 1573 3088 meandrites
1621 3031 1805 3111 ipsius
1854 3031 2112 3105 Palla55

393 3147 425 3185 e
473 3141 679 3185 contra
709 3129 1072 3213 madrepora
1118 3131 1531 3212 labyrinthica
1560 3155 1590 3189 a
1628 3135 1838 3191 Pallas
1885 3154 2111 3192 nuncu-

390 3241 553 3309 pata,
598 3228 804 3289 eadem
851 3235 1084 3313 species
1116 3236 1355 3293 Linnoei
1401 3248 1512 3310 est,
1545 3233 1878 3316 potioribus
1907 3233 2115 3294 incluta
