2324 3631
411 230 489 288 86

406 328 687 409 rymbosa
718 325 1077 405 mach-epora
1103 321 1369 381 Foskalc’i
1390 318 1740 379 rotundatos
1767 320 1977 380 'ramos
2006 317 2109 379 ha-

406 431 616 490 bemus
647 477 661 502 )
731 448 839 485 nec
886 427 944 483 in
1000 428 1242 483 cariosa
1289 420 1445 480 hunc
1493 420 1763 481 ordinem
1810 420 2113 481 desidera-

406 552 554 591 mus.
601 529 688 587 De
741 527 910 587 stella
957 526 1220 608 pariter,
1266 523 1603 582 communia
1665 520 1937 604 quaedam
1983 520 2120 581 huic

407 633 656 712 aliisque
701 626 1018 712 speciebus
1062 638 1423 700 occurrnnt3
1463 646 1599 682 nam
1636 625 1696 682 in
1741 622 2110 704 caryophyl-

411 738 491 792 Zia
535 731 879 791 clielzotoma
910 775 933 799 ,
979 733 1275 807 angulosa
1304 773 1327 798 ,
1373 740 1430 784 et
1481 726 1540 783 in
1587 723 1945 807 quibusdam
1991 724 2113 785 aliis

406 831 841 915 caryophylliis
888 828 1058 889 stella
1103 826 1309 886 itidem
1374 825 1691 886 rotundata
1738 840 1872 899 est,
1940 839 2000 884 at
2046 846 2116 884 ea

409 956 543 1017 quae
591 933 743 993 hanc
803 933 1070 1015 speciem
1116 931 1480 988 constituere
1520 927 1753 986 valeant
1797 948 2120 1011 perperam

408 1038 665 1120 quaeris:
710 1033 850 1093 hinc
883 1035 944 1092 in
986 1035 1335 1092 traneularc'
1357 1078 1374 1106 ,
1422 1052 1551 1111 quae
1597 1028 1767 1088 valde
1803 1028 1938 1090 huic
1983 1050 2118 1112 spe·

408 1141 520 1200 ciei
559 1139 746 1198 affinis
794 1149 927 1211 est,
966 1135 1117 1193 rami
1163 1146 1300 1192 sunt
1345 1130 1722 1214 divergentes
1753 1177 1772 1207 ,
1816 1144 1875 1190 et
1920 1144 2120 1190 crusta
2189 1206 2192 1209 ι

411 1241 716 1311 lamellosa
746 1238 994 1298 connexi
1027 1259 1041 1312 3
1086 1249 1378 1317 praeterea
1407 1231 1688 1316 fastigiati
1718 1246 1900 1314 atque
1931 1231 2119 1292 obco-

406 1344 570 1418 nici,
636 1340 898 1422 indeque
967 1351 1091 1397 toto
1166 1335 1312 1397 caelo
1361 1333 1561 1393 differt
1599 1357 1633 1392 a
1690 1332 2118 1417 caryoplzyllia

407 1448 630 1518 amica,
683 1464 820 1523 quae
867 1442 1114 1522 insuper
1161 1453 1322 1497 extus
1368 1435 1679 1495 reticulata
1722 1459 1844 1495 non
1890 1450 1999 1497 est.

486 1545 625 1604 Non
670 1542 925 1617 desunt,
974 1541 1079 1623 qui
1126 1552 1377 1622 putent,
1426 1551 1566 1596 tunc
1613 1539 1884 1620 speciem
1929 1559 2061 1598 esse
2097 1586 2115 1616 ,

407 1669 590 1730 quum
648 1666 787 1705 vere
834 1644 1204 1727 proprieque
1260 1637 1491 1724 singula
1557 1637 1844 1722 cujusque
1891 1641 2118 1723 speciei

408 1748 780 1810 characteres
830 1745 1357 1821 demonstrantur,
1403 1745 1510 1806 sed
1555 1743 1771 1804 nullius
1819 1742 2111 1826 ponderis

408 1848 538 1910 hoec
585 1847 892 1931 objecti03
940 1869 1080 1905 nam
1123 1845 1224 1906 ubi
1275 1868 1385 1930 per
1449 1846 1580 1925 haec
1626 1848 1713 1905 ire
1754 1844 1977 1923 lubeat,
2026 1846 2123 1904 vix

408 1953 675 2034 speciem
721 1951 783 2008 in
823 1948 1097 2008 omnibns
1144 1947 1544 2031 scriptoribus
1584 1948 1890 2019 invenies,
1938 1969 2120 2030 quam

406 2055 704 2113 sustinere
759 2050 1005 2126 valeas;
1072 2071 1211 2107 nam
1268 2051 1604 2132 generatim
1663 2050 1897 2132 species
1966 2047 2122 2108 nihil

406 2153 564 2214 aliud
600 2167 737 2213 snnt
761 2174 940 2234 quam
970 2153 1282 2210 varietates
1313 2151 1666 2233 peculiares,
1705 2152 2019 2212 varietates
2048 2169 2115 2208 ex

407 2256 753 2315 diversitate
791 2275 1021 2331 eornm,
1055 2274 1190 2335 quae
1239 2274 1463 2335 genera
1502 2255 1890 2331 constituunt,
1933 2249 2118 2336 profi-

413 2359 734 2418 ciscnntnr.

491 2457 739 2517 Habitat
783 2502 797 2516 .
847 2504 860 2516 .
908 2503 920 2515 .
962 2503 974 2517 .
1024 2457 1349 2540 Reperitur
1392 2457 1452 2514 in
1495 2460 1650 2515 colle
1702 2457 2088 2517 Taarz'nensi.

456 2562 645 2620 'Mus
692 2561 1024 2618 Taurinens
1072 2602 1086 2616 .
1135 2604 1147 2616 .
1188 2600 1200 2613 .
1249 2557 1482 2616 collect.
1531 2556 1897 2617 Mielzelotti.

722 2690 1346 2743 CARYOPHYLLIA
1402 2662 1817 2743 TR'UNCATA

1111 2819 1439 2858 LAMOROUX

412 2920 574 2986 Scirpe
613 2921 923 2986 composita,
962 2935 1169 2987 superne
1203 2920 1398 2986 plana,
1428 2926 1598 2985 jer-me
1639 2928 1904 2978 truncata,
1943 2919 2118 2984 longi-

474 3006 770 3055 tudinaliter·
811 3006 957 3074 sorte
1011 3010 1194 3056 striata
1225 3046 1237 3070 ‚
1284 3008 1538 3075 praecipue
1587 3007 1638 3054 in
1671 3016 1824 3074 parte
1862 3023 2083 3074 superna
2111 3045 2126 3072 ,

474 3095 626 3142 stellis
661 3095 985 3156 rotundati53
1030 3097 1259 3162 margine
1299 3095 1530 3162 simplici.

438 3199 754 3249 Lamoroux.
793 3200 1013 3267 Exposit.
1067 3198 1293 3249 method.
1332 3199 1417 3250 des
1443 3197 1617 3268 polyp.
1649 3216 1770 3268 pag.
1811 3198 1877 3249 85
1919 3200 2022 3249 tab.
2047 3198 2115 3267 78

497 3286 591 3354 fig.
632 3288 662 3336 5
700 3289 956 3355 encyclop.
989 3305 1110 3354 pag.
1164 3287 1273 3354 169.
