2324 3631
1754 218 1820 256 12

543 293 851 347 ASTRAEA
888 292 1527 345 INTERSTINCTA.'
1831 217 1862 279 7

459 436 740 476 LINNAEUS.
789 436 977 474 Noms.
1023 415 1233 494 (Tab.
1281 415 1460 495 5fig.
1507 417 1597 493 3)

169 573 364 620 Aslraea
401 566 745 632 ςιώνοειιηᾱα,
778 567 964 634 gibba,
1001 566 1172 616 solida
1194 590 1210 617 .—
1249 569 1404 617 stellis
1457 569 1825 638 porifornzibus
1856 611 1871 637 ,

223 660 399 727 parvis
429 696 443 723 ‚
476 655 707 705 teretibus
732 693 745 719 ‚
783 656 1027 702 immersis
1057 676 1075 710 ,·
1096 653 1269 721 flando
1308 655 1518 705 radiato
1547 679 1567 714 ,·
1606 659 1865 726 superficie

241 728 372 795 intet-
402 744 593 805 stellaS,
622 743 766 810 poris
791 743 878 790 vix
913 744 1190 809 conspicuis
1220 781 1234 807 ‚
1272 746 1527 794 excavatis
1563 744 1827 815 adspersa.

162 883 405 932 Linnaeus.
442 878 573 947 Syst.
613 886 815 927 naturae.
853 896 902 926 n.
950 877 1027 927 18.
1065 876 1445 946 (madrepora).

171 971 345 1038 Esper.
382 964 589 1034 Suppl.,
635 983 650 1014 1
689 983 815 1033 pag.
862 983 919 1015 10
963 966 1069 1015 tab.
1109 966 1193 1027 34.

254 1102 395 1161 Non
439 1123 650 1178 unam,
696 1114 796 1160 aut
840 1100 1015 1159 aliam
1046 1101 1311 1184 speciem
1351 1104 1692 1182 cernimus,
1739 1127 1875 1186 quae

170 1203 394 1262 indicia
440 1205 684 1285 propria
731 1203 907 1261 etiam
972 1200 1108 1260 huic
1154 1204 1382 1284 speciei
1429 1202 1756 1281 exhibeat;
1821 1220 1880 1265 at

165 1304 388 1363 nullam
435 1302 718 1363 confundi
763 1324 944 1386 posse
983 1325 1119 1362 cum
1165 1303 1375 1363 eadem
1419 1304 1644 1388 liquido
1684 1330 1874 1390 appa-

168 1405 342 1465 rebit.
413 1407 494 1464 Et
559 1426 703 1464 sane
755 1407 806 1465 si
854 1427 971 1487 qua
1003 1419 1162 1464 esset
1194 1454 1216 1478 ,
1264 1428 1331 1465 ea
1369 1407 1459 1466 vel
1489 1409 1877 1492 pzcnctffera,

176 1508 269 1566 vel
338 1506 819 1589 mycroplztalma
851 1552 872 1577 ,
937 1506 1026 1565 vel
1098 1512 1401 1566 stellulata
1425 1556 1448 1580 ,
1521 1509 1611 1568 vel
1665 1515 1879 1571 striata

177 1621 396 1668 astroea
438 1607 595 1667 foret
617 1656 634 1685 ,
681 1607 787 1667 sed
830 1609 892 1665 in
919 1613 1302 1669 interstincta
1333 1624 1553 1670 astroea
1584 1658 1606 1683 2
1636 1619 1882 1695 puncti-

148 1710 366 1792 seram
411 1731 531 1767 nou
571 1711 911 1785 cernimus,
959 1711 1096 1790 quia
1142 1709 1329 1769 stellae
1366 1712 1696 1793 inaequales
1744 1728 1883 1775 sunt

171 1813 232 1868 in
279 1811 652 1893 posteriori,
700 1823 761 1868 et
803 1808 995 1868 forma
1042 1808 1354 1892 globulosa
1402 1827 1536 1887 est,
1586 1815 1771 1896 quod,
1817 1830 1882 1876 ut

170 1911 366 1971 obiter
409 1933 705 1985 moneam,
737 1912 1008 1970 sufficere
1039 1934 1159 1970 non
1199 1914 1378 1993 pauci
1409 1928 1621 1996 putant
1647 1916 1722 1974 ad
1747 1939 1881 2001 spe-

173 2014 327 2071 ciem
373 2011 770 2070 inducendam
816 2060 834 2088 ,
899 2012 978 2070 ita
1024 2011 1186 2094 ajunt
1246 2015 1549 2073 radiatam
1601 2033 1883 2077 astrceccm

171 2115 456 2197 marginis
492 2135 667 2174 causa
704 2113 778 2172 ab
817 2127 1036 2174 astraea
1069 2137 1219 2194 argo
1240 2114 1465 2198 sejungi
1507 2140 1704 2200 posse,
1728 2143 1882 2179 ana-

168 2239 277 2274 ηας
307 2239 339 2274 a
363 2221 676 2295 galaxcea,
706 2229 765 2275 et
794 2217 877 2275 sic
913 2215 1221 2299 deinceps
1248 2216 1438 2277 Nobis
1464 2233 1663 2279 autem
1681 2225 1871 2305 magis

174 2317 399 2377 arridet
443 2340 648 2376 eorum
679 2319 881 2400 opinio
908 2366 925 2394 ,
972 2319 1070 2399 qui
1096 2320 1301 2399 utique
1339 2323 1625 2403 marginis
1670 2338 1882 2383 natura

173 2417 337 2492 freti,
383 2421 723 2501 specierum
783 2418 1131 2478 divisionem
1176 2422 1715 2503 excogitaverunt,
1759 2448 1883 2485 non

177 2541 316 2579 vero
358 2541 597 2595 eorum,
625 2523 727 2603 qui
767 2519 840 2579 ab
868 2522 1264 2604 inaequalitate
1295 2525 1709 2585 tantummodo
1747 2527 1884 2587 stel-

175 2621 365 2679 larum
391 2668 413 2692 ,
452 2623 792 2703 specierum
828 2624 1123 2705 originem
1157 2624 1451 2685 duxerunt
1480 2649 1494 2702 3
1526 2649 1662 2686 nam
1704 2651 1891 2710 quum

175 2722 429 2805 polypi,
487 2725 591 2804 qui
636 2738 998 2782 concurrunt
1046 2726 1104 2782 in
1147 2749 1267 2784 uno
1328 2727 1662 2811 eodemque
1710 2729 1883 2812 poly-

176 2824 348 2906 pario
390 2822 638 2884 diversae
687 2827 877 2884 aetatis
917 2829 1257 2887 necessario
1292 2830 1448 2906 sint,
1495 2853 1754 2912 pronum
1793 2845 1885 2890 est

179 2924 539 2984 concludere
581 2972 598 3001 ‚
661 2926 1119 3008 inaequalitatem
1183 2932 1525 2990 necessario
1590 2933 1650 2989 in
1697 2931 1879 2992 stellis

180 3048 542 3086 concurrere
632 3027 874 3088 debere.
972 3030 1111 3089 Sive
1201 3032 1401 3114 itaque
1476 3033 1889 3117 pzcnctfferam

180 3149 379 3188 serves
447 3141 762 3208 ascraeum,
833 3133 955 3192 sive
1000 3154 1127 3192 non
1166 3181 1184 3210 ‚
1228 3132 1400 3194 firma
1479 3138 1713 3219 species
1758 3159 1885 3196 ma-

182 3244 319 3289 neat
386 3234 540 3290 svevi
619 3233 935 3316 scriptoris
1005 3260 1019 3311 3
1101 3257 1238 3295 nam
1330 3240 1388 3297 in
1468 3240 1665 3320 primo
1749 3258 1888 3298 casu
