2324 3631
163 301 289 380 ipse
337 319 607 380 propono
656 296 730 355 de
760 304 965 357 stratis
1012 303 1481 381 supracretaceis
1521 302 1718 362 eidem
1761 329 1856 366 re·-

162 420 305 480 apse
376 400 750 459 consentiat:
797 398 1041 459 tradunt
1111 400 1434 483 siquidem,
1485 425 1551 461 ex
1616 421 1859 487 recepta

160 502 372 580 praxi,
413 498 736 560 absurdum
783 499 1015 574 videri,
1062 524 1195 582 quae
1269 505 1533 585 propriae
1592 520 1728 566 sunt
1772 529 1863 566 ve-

159 604 497 661 tustissimae
519 602 729 676 aetatiS‚
757 614 817 660 et
864 599 1090 660 ibidem
1115 607 1364 686 propria
1391 604 1743 666 documenta
1772 607 1856 690 ja-

158 716 316 776 cent,
350 701 559 762 eadem
589 703 947 760 reviviscere
976 705 1234 784 coepisse
1275 707 1332 762 in
1370 708 1634 766 tertiario
1666 708 1859 768 catha·

162 802 416 885 clysmo,
464 823 579 882 qua
627 800 698 860 de
746 823 810 859 re
858 801 1022 860 valde
1069 805 1317 862 miratur
1353 809 1736 889 Des—HayeS,
1784 810 1856 868 de

172 906 440 982 ffrigom'is
486 900 664 959 verba
709 900 969 978 faciens3
1013 901 1152 961 dum
1199 906 1387 964 innuit
1433 928 1530 966 eas
1578 910 1864 992 insupra-

163 1005 450 1062 cretaceis
475 1003 958 1086 formationibus
994 1005 1253 1080 deficere
1284 1008 1407 1086 (1):
1447 1030 1514 1066 ex
1542 1008 1650 1068 hac
1697 1033 1857 1092 quae-

159 1107 354 1164 stione
399 1107 603 1187 potior
650 1119 774 1163 orta
823 1120 953 1179 est,
1000 1109 1278 1164 nimirum
1324 1109 1531 1168 relatio
1579 1125 1866 1173 testaceo-

158 1227 288 1264 rum
337 1208 492 1264 inter
534 1205 756 1264 fossilia
802 1220 982 1286 atque
1030 1209 1297 1266 viventia.

237 1305 354 1363 Sed
401 1305 526 1364 haec
575 1305 799 1379 altera,
864 1320 1166 1387 )ostquam
1216 1306 1315 1366 diu
1363 1308 1661 1392 disputata
1706 1312 1855 1390 fuit,

157 1407 374 1466 nostris
430 1406 616 1465 ferme
664 1406 1034 1488 temporibus
1085 1407 1413 1468 doctissimi
1461 1413 1565 1470 viri
1613 1413 1857 1475 demon-

157 1523 451 1581 strarunt,
494 1507 728 1588 cujusve
768 1509 955 1566 aetatis
988 1511 1231 1591 propria
1264 1524 1555 1586 testacea,
1604 1538 1858 1597 quorum

157 1610 369 1668 similia
416 1630 734 1691 perperam
784 1610 1071 1689 inquiris,
1118 1609 1327 1669 adesse
1373 1613 1499 1692 (2):
1548 1613 1661 1674 hoc
1708 1633 1860 1678 vete·

161 1732 256 1770 res
334 1724 786 1791 cognoverunt,
852 1709 1010 1768 unde
1082 1712 1327 1773 Ovidius
1391 1700 1424 1768 ⁵2<
1469 1737 1580 1776 nec
1626 1721 1857 1799 species

155 1833 259 1871 sua
305 1813 519 1892 cuique
557 1824 784 1870 manet:
830 1833 1152 1895 rerumque
1198 1818 1466 1875 novatrix
1512 1839 1578 1877 ex
1623 1819 1748 1879 aliis
1796 1845 1856 1879 a-

153 1912 256 1972 lias
304 1927 545 1993 reparat
567 1927 773 1972 natura
798 1911 1033 1994 figuras.
1065 1940 1092 1973 »
1147 1916 1416 1978 Priorem
1456 1920 1617 2000 quod
1647 1923 1858 1983 attinet

156 2016 631 2097 propositionem
660 2063 677 2091 ,
722 2029 930 2075 notare
978 2015 1241 2098 juvabit,
1292 2018 1443 2079 hanc
1501 2043 1715 2105 reapse
1761 2047 1850 2084 re-

153 2139 286 2175 rum
324 2119 546 2176 seriem
589 2138 698 2177 nos
744 2122 999 2179 assecuti
1038 2121 1305 2181 nondum
1352 2145 1512 2202 esse,
1557 2127 1634 2184 ita
1658 2141 1722 2186 ut
1759 2142 1847 2187 te-

159 2220 448 2279 meritatis
495 2234 696 2279 notam
740 2243 860 2280 non
909 2221 1224 2304 effugeret,
1273 2228 1375 2307 qui
1422 2241 1858 2308 testaceorum,

155 2320 246 2379 vel
293 2320 723 2404 zoophytorum
744 2320 1056 2382 historiam
1092 2327 1150 2384 in
1186 2330 1359 2387 variis
1383 2329 1654 2391 aetatibus
1694 2354 1859 2391 com-

154 2445 413 2504 ponere,
459 2439 639 2506 atque
686 2423 981 2506 perficere
1027 2441 1295 2509 putaret3
1342 2428 1476 2490 hinc
1522 2431 1690 2508 illud,
1737 2455 1857 2494 non

166 2591 236 2648 (1)
267 2595 439 2634 Par-roz.
473 2593 714 2637 Oblectam.
752 2598 877 2651 phys.
914 2598 1031 2638 1822.

275 2667 410 2708 Idem.
445 2668 630 2710 Memor.
664 2672 811 2712 accad.
845 2670 950 2713 San.
986 2673 1292 2730 Petersbourg.
1332 2675 1447 2716 1831.

278 2741 430 2798 Adolp.
467 2742 721 2798 Brogniart.
756 2744 985 2786 Consider.
1019 2747 1163 2800 gener.
1196 2762 1258 2788 ssr
1290 2750 1329 2789 la
1359 2757 1447 2790 nat.
1481 2751 1533 2791 de
1566 2750 1606 2791 la
1623 2752 1863 2807 vegetation

387 2829 471 2855 aux
501 2816 657 2857 divers.
690 2817 859 2871 pc‘riod.
894 2820 1022 2859 Paris
1057 2821 1175 2862 1828.

164 2886 232 2942 (2)
267 2887 436 2929 Czwier.
472 2888 744 2931 Recherchcs
775 2906 848 2932 sur
880 2892 937 2933 les
969 2907 1117 2934 osscm.
1150 2896 1248 2936 foss.
1284 2895 1453 2949 passim.

277 2960 410 3003 Idem.
443 2962 656 3003 Discours
688 2978 764 3004 sur
794 2965 852 3005 les
884 2967 1069 3008 revolut.
1105 2969 1164 3008 du
1197 2970 1333 3023 globe.
1368 2970 1496 3009 Paris
1534 2969 1650 3011 1825.

281 3034 356 3075 Ch.
391 3036 558 3077 Zieten.
592 3036 915 3079 Pc'trifications
947 3041 1006 3081 du
1039 3041 1367 3096 VVurtemberg.
1404 3041 1646 3096 stuttgard.

272 3109 442 3149 Nilson.
478 3109 725 3152 Petrificata
756 3127 949 3154 svecana.
986 3114 1240 3156 Stoccklom.
1279 3118 1396 3170 1827.

280 3180 610 3223 De-la-Beclze.
643 3184 822 3226 Manuel
853 3188 912 3227 (lu
946 3188 1106 3242 geolog.
1148 3204 1161 3228 1
1217 3199 1257 3229 et
1289 3204 1325 3230 2.
1362 3189 1465 3231 «alic.
1500 3192 1667 3243 passim.

279 3253 537 3297 D’Arclziac.
572 3258 753 3299 Mc'mor.
789 3261 947 3315 geolog.
981 3262 1148 3316 passim.
