2324 3631
1793 190 1904 249 113

286 285 753 347 lutei-stitiorum
793 296 993 344 autem
1037 297 1338 360 naturam,
1386 306 1523 367 quae
1566 289 1784 346 summi
1815 304 1907 351 est

191 389 480 447 momenti
509 436 526 465 ,
572 385 645 445 ad
708 386 942 467 species
985 390 1438 445 sarcinularum
1476 385 1846 448 definiendas
1881 435 1903 468 ,

201 490 408 570 negari
431 511 550 548 non
589 485 1001 569 potestferme
1038 487 1098 545 in
1127 485 1401 547 omnibus
1434 509 1714 571 porosam
1753 509 1906 567 esse,

196 602 256 648 at
297 587 633 661 videndum,
678 600 878 646 utrum
925 585 1104 663 sulci,
1149 608 1224 646 an
1261 587 1466 664 lineae,
1500 601 1558 648 et
1603 589 1717 671 ipsi
1755 612 1906 647 mar-

197 691 366 771 gines
413 685 873 769 uniuscujusque
919 686 1104 747 stellae
1132 736 1150 765 ‚
1197 710 1331 770 quae
1373 690 1629 748 invicem
1660 688 1904 771 conjun—

199 803 417 873 guntur
445 787 559 868 (ut
619 789 681 846 in
725 802 934 847 nostro
983 790 1170 868 casu)
1216 788 1324 848 hos
1369 811 1549 871 poros
1598 791 1904 866 afficiant,

194 913 270 950 an
331 910 547 972 reapse
593 886 715 949 haec
768 888 1086 972 dispositio
1152 888 1226 948 ad
1256 904 1589 949 memorata
1634 913 1753 950 non
1806 913 1896 950 re-

198 992 444 1075 spiciat,
491 1004 631 1050 tunc
666 992 825 1049 enim
871 1003 1101 1051 tantum
1144 991 1460 1051 interstitia
1505 1013 1643 1051 vere
1674 1014 1898 1074 porosa

200 1090 446 1152 dixeris.

280 1194 526 1254 Habitat
571 1239 586 1252 .
632 1239 647 1253 .
693 1235 710 1252 .
757 1194 1086 1276 Reperitut·
1129 1194 1192 1252 in
1238 1215 1382 1275 agr-0
1426 1195 1814 1256 Dertonensi.

554 1344 1001 1395 SARCINULA
1047 1344 1554 1395 GEOMETRICA

624 1488 789 1527 Nonis
835 1466 1042 1546 (Tab.
1092 1468 1312 1546 [bfig.
1361 1473 1475 1545 2.)

202 1602 356 1652 Tubis
409 1603 681 1666 connexis,
718 1603 1035 1669 aggregatim
1096 1601 1382 1670 dispositis,
1443 1603 1597 1651 stellis
1632 1606 1860 1653 concavis
1887 1643 1903 1670 ‚

258 1689 488 1740 omnibus
510 1690 770 1757 quinquies
794 1690 1293 1754 angulato-statutis‚
1314 1688 1550 1756 inferiori
1556 1689 1700 1757 facie
1715 1692 1898 1758 plana.

648 1779 713 1824 A.
749 1777 937 1826 Variet.
975 1774 1139 1825 stellis
1168 1774 1456 1845 majoribus.

279 1893 572 1953 Constans
618 1891 826 1952 harum
870 1892 1176 1954 stellarum
1221 1893 1368 1953 ordo
1425 1894 1484 1952 in
1541 1894 1787 1977 angulos
1826 1897 1902 1956 si-

194 2007 355 2054 stens
387 2040 403 2068 ‚
444 1996 716 2077 ipsaeque
753 1993 941 2053 steliae
984 1996 1251 2077 potiores
1285 2044 1301 2072 ,
1342 2009 1403 2055 et
1438 2017 1632 2055 massa
1662 2043 1682 2073 ,
1721 2018 1902 2078 quam

194 2097 544 2173 constituit,
618 2116 753 2177 quae
827 2117 946 2154 non
1002 2095 1320 2155 rotundata
1373 2110 1511 2168 est,
1567 2096 1902 2179 impediunt

190 2198 509 2279 quominus
551 2194 703 2255 hanc
740 2197 1006 2279 speciem
1028 2196 1335 2281 prioribus
1360 2196 1729 2257 addicamus,
1780 2248 1785 2250 .

276 2297 433 2356 Cave
473 2311 672 2356 tamen
711 2318 785 2356 ne
818 2296 969 2356 hanc
1008 2299 1273 2380 speciem
1313 2321 1447 2357 cum
1483 2312 1699 2359 cistroea
1722 2304 1898 2378 gala-

190 2420 353 2470 πᾶα,
391 2397 480 2457 vel
507 2420 643 2457 cum
679 2410 901 2457 astroea
938 2420 1171 2456 emanas
1209 2397 1569 2474 confundas3
1608 2421 1746 2457 nam
1783 2398 1897 2458 hoc

190 2500 525 2581 generatim
569 2500 835 2582 pertinet
878 2497 951 2557 ad
994 2511 1278 2571 astroeccS,
1318 2499 1546 2559 eisdem
1594 2499 1850 2558 inhaeret
1876 2547 1895 2577 ‚

187 2613 254 2659 ut
289 2598 477 2659 tubuli
514 2622 634 2658 non
674 2602 752 2659 ita
777 2598 1037 2660 distincti
1061 2601 1535 2683 conspiciantur,
1572 2602 1658 2659 uti
1697 2602 1755 2658 in
1777 2622 1896 2659 sar-

188 2700 430 2776 cinulis,
467 2714 534 2761 ut
572 2722 602 2760 e
642 2700 768 2761 basi
792 2700 1025 2760 difficile
1054 2702 1132 2761 sit
1153 2703 1421 2784 assequi,
1459 2700 1763 2762 stellarum
1799 2723 1896 2759 na-

185 2817 398 2877 turam,
429 2800 591 2884 quod
616 2816 812 2861 tamen
851 2801 1146 2886 contingit
1170 2805 1230 2861 in
1263 2807 1607 2878 sarcinuli53
1638 2816 1702 2861 ut
1738 2803 1895 2884 sepi-

185 2919 386 2964 menta
418 2918 755 2963 transversa
792 2907 969 2963 modo
1008 2905 1223 2986 magis,
1262 2903 1441 2964 modo
1480 2905 1672 2963 minus
1710 2907 1894 2961 sarci-

184 3012 342 3065 nulis
378 3005 647 3083 faveant,
687 3003 856 3065 stella
895 3003 1153 3087 denique
1210 3027 1332 3064 non
1380 3003 1566 3064 tubuli
1605 3006 1662 3062 in
1709 3009 1898 3064 sarci-

186 3112 338 3167 nulis
382 3108 595 3167 adsint.

270 3207 517 3269 Habitat
563 3251 575 3266 .
620 3253 637 3267 .
686 3255 697 3268 .
746 3209 1076 3292 Reperitur
1113 3209 1171 3268 in
1211 3207 1360 3269 colle
1400 3209 1778 3269 Taurinensi.

1705 3309 1729 3347 s
