2324 3631
1817 192 1893 277 47

189 292 560 376 spositione,
610 293 984 370 internaeque
1029 287 1233 348 formae
1280 301 1577 348 structura
1621 291 1907 373 profluit}

198 391 419 451 deinde
466 406 693 451 sectum
731 389 916 471 ipsius
955 390 1295 449 tzcrbinolioe
1335 412 1590 472 corpus,
1630 392 1907 474 en'quod

198 492 307 552 tibi
381 492 655 551 exhibet:
740 489 1011 548 cellulam
1086 489 1356 549 inferiori
1436 491 1567 549 loco
1648 496 1905 574 positam

201 617 396 678 prope
441 594 633 652 basim
680 593 740 649 in
789 614 905 672 qna
950 590 1154 673 polypi
1201 614 1406 651 saccus
1456 593 1905 672 continebatur3

204 719 272 756 ex
308 696 417 755 hac
456 692 664 753 cellula
702 691 1003 768 inferiori,
1035 692 1160 751 aliae
1199 694 1531 776 prodeunt,
1573 717 1778 777 eaeque
1816 698 1908 757 vel

205 794 575 870 rotundatae,
613 791 771 852 unde
809 795 869 851 in
909 792 1256 851 definitione
1294 796 1631 856 tm'binolioe
1663 798 1908 858 diximus

196 897 568 980 polyparium
635 894 1040 970 turbinatum,
1087 894 1177 953 vel
1243 896 1607 956 cuneiforme
1675 903 1907 981 quoties

205 998 524 1082 posteriori
571 996 685 1056 hoc
732 1018 874 1056 casu
918 996 1143 1055 cellulae
1200 997 1257 1054 in
1315 997 1541 1078 augulis
1609 998 1914 1082 dispositae

197 1115 360 1177 sunt3
401 1100 487 1158 11ae
518 1098 725 1158 itidem
755 1097 980 1158 cellulae
1010 1096 1291 1179 sejunctae
1324 1115 1490 1176 sunt,
1523 1114 1700 1182 atque
1747 1104 1908 1186 poly-

200 1205 447 1285 parium
492 1199 914 1275 circumdant3
961 1201 1019 1256 in
1073 1199 1271 1257 medio
1320 1202 1545 1282 pariter
1589 1205 1915 1263 minutissi-

196 1325 325 1363 mos
355 1303 582 1362 loculos
609 1303 1012 1384 conspicimus
1044 1301 1238 1360 eidem
1264 1302 1479 1386 polypo
1504 1305 1913 1367 inservientes.

296 1406 358 1463 Si
410 1407 611 1486 itaque
674 1426 791 1462 una
838 1405 1146 1486 praecipua
1193 1419 1346 1463 extat
1400 1404 1608 1464 cellula
1640 1455 1656 1484 ,
1704 1409 1752 1466 si
1819 1430 1916 1469 su·

217 1507 491 1589 periores
566 1504 875 1564 tentaculis
940 1506 1227 1563 inservire
1276 1523 1652 1589 compertum
1698 1525 1824 1587 est,
1870 1513 1922 1571 si

209 1607 472 1688 denique
541 1605 688 1665 ordo
754 1608 1059 1687 utrimque
1129 1605 1336 1682 adest,
1403 1624 1463 1667 et.
1533 1611 1591 1667 in
1651 1613 1918 1693 generali

209 1708 400 1767 forma
455 1708 845 1778 turbinolioe,
911 1722 970 1765 et
1031 1709 1092 1764 in
1158 1709 1435 1767 omnibus
1499 1711 1719 1771 cellulis
1779 1717 1917 1774 iuvi-

212 1832 346 1869 cem
391 1810 788 1892 comparatiS‚
828 1830 945 1867 non
987 1823 1104 1886 est,
1143 1831 1249 1868 cur
1286 1809 1488 1892 plures
1528 1810 1623 1871 hic
1663 1814 1917 1898 polypos

213 1910 610 1970 admittamus.
655 1911 810 1969 Nam
856 1909 969 1970 hoc
1033 1912 1094 1968 in
1141 1933 1281 1970 casu
1318 1910 1503 1972 habes
1551 1930 1823 1975 centrum
1861 1919 1922 1977 in

212 2034 331 2094 quo
397 2013 685 2094 recipitur
755 2011 961 2095 polypi
1033 2035 1294 2097 corpus,
1350 2011 1533 2075 habes
1589 2019 1917 2079 tentacuios

215 2135 431 2196 reapse
505 2135 847 2191 connexos,
896 2115 1034 2196 quia
1112 2117 1171 2173 in
1226 2138 1408 2174 unum
1448 2116 1729 2200 idemque
1776 2143 1923 2203 pun-

223 2229 385 2274 ctum
424 2229 820 2292 concurrunt,
858 2214 1040 2275 habes
1070 2215 1337 2299 deniqne
1378 2219 1707 2279 naturalem
1752 2225 1923 2282 unius

214 2315 416 2400 polypi
445 2319 502 2375 in
535 2317 849 2401 polypario
878 2318 1212 2378 tarbinolioe
1239 2319 1715 2402 dispositionem,
1741 2338 1921 2407 atque

219 2418 660 2501 probationem.

302 2519 395 2578 Ad
439 2519 684 2579 alteram
729 2544 887 2581 nunc
941 2523 1242 2582 veniamus
1302 2525 1665 2606 opinionem.
1728 2529 1926 2587 Unam

222 2642 297 2680 ne
344 2622 707 2683 inveniamus
757 2623 1027 2683 cellulam
1073 2624 1164 2682 vel
1212 2624 1408 2707 plures
1456 2628 1515 2686 in
1561 2630 1928 2690 tarbinolc'a?

220 2725 410 2806 priori
456 2727 772 2784 sententiae
817 2725 1054 2784 favebat
1099 2726 1409 2809 Defi'cmce
1449 2730 1541 2811 (ι)
1581 2730 1740 2813 cujus
1782 2732 1930 2792 defi-

216 2827 508 2885 nitionem
565 2827 905 2886 turbinolc‘oe
952 2827 1281 2910 amplexam
1339 2853 1578 2914 quoque
1628 2837 1930 2894 cernimus

223 2950 256 2986 a
292 2929 613 2988 Blainville
661 2930 755 3010 (2)
793 2930 851 2987 in
909 2929 1120 2989 eodem
1161 2935 1357 3015 magni
1408 2937 1664 2996 nominis
1705 2959 1930 3020 opere,

242 3183 310 3239 (ι)
338 3184 645 3227 Dictionnaire
675 3187 747 3227 des
778 3188 966 3230 scicnces
998 3198 1143 3231 natur.
1183 3200 1278 3233 com.
1313 3192 1366 3233 36
1398 3208 1495 3249 pag.
1526 3209 1574 3248 91
1612 3194 1657 3236 in
1689 3195 1854 3238 definit.

245 3257 314 3312 (2)
345 3259 431 3302 cit.
464 3260 648 3307 diction.
685 3270 780 3304 tom.
816 3264 870 3305 60
900 3279 996 3321 pag.
1030 3264 1123 3320 305.
