2324 3631
358 199 472 257 1¹8
1016 296 1400 355 ASTRAEA

704 521 930 559 BROWN.
985 519 1284 560 LAMARCK.
1339 521 1707 565 BLAINVILLE.

357 702 694 770 Polyparium
749 701 1011 769 lapideum
1037 739 1051 765 ,
1105 703 1276 771 fixum
1307 742 1320 768 ‚
1371 704 1835 770 conglomeratum,
1893 712 2058 753 strata

413 793 694 839 inm-astans
720 828 734 854 ,
771 790 860 838 vel
905 792 956 839 in
997 807 1219 842 massam
1255 791 1642 859 subglobosam,
1678 792 1891 841 liberam
1929 807 2058 842 raro

414 877 661 942 lobatam‚
698 890 1050 945 aggregatum.

353 966 584 1033 Super-na
619 965 879 1034 superficie
915 968 1071 1016 stellis
1107 967 1404 1016 orbiculatis
1422 968 1697 1035 exaequatis
1718 1005 1732 1031 ,
1767 968 1853 1015 vel
1872 966 2059 1016 suban-

409 1054 616 1121 gulatis‚
643 1054 939 1119 lamellosis,
966 1055 1207 1104 sea-ilibus
1245 1055 1460 1115 obtecta,
1486 1053 1688 1122 inferna
1713 1055 2065 1123 complanata.

443 1212 489 1269 A
532 1214 857 1270 sarcinulis
900 1210 977 1271 ad
1000 1222 1249 1272 astroeas
1294 1210 1547 1294 gradum
1592 1209 1791 1271 facere
1838 1208 2064 1270 debere

353 1311 708 1394 jampridem
749 1311 956 1372 docuit
997 1313 1341 1388 Blainville,
1386 1326 1597 1396 utpote
1645 1313 1750 1394 qui
1803 1310 2064 1370 lamella-

353 1436 487 1473 rum
533 1412 912 1495 dispositioni
959 1415 1224 1489 innixus,
1270 1435 1473 1473 veram
1512 1414 1826 1495 utriusque
1882 1433 2066 1495 gene-

353 1516 435 1574 ris
503 1514 856 1573 relationem
903 1516 1231 1597 cognovit,
1277 1535 1349 1574 eo
1403 1513 1614 1574 saltem
1679 1535 1901 1591 seam,
1948 1535 2070 1596 quo

354 1614 664 1699 polyparia
708 1630 922 1677 ascreoe
956 1630 1016 1676 et
1041 1620 1368 1676 sarcinula?
1412 1617 1570 1675 inter
1591 1637 1654 1675 se
1679 1616 2071 1675 conveniunt:

354 1730 414 1776 at
458 1739 575 1775 non
604 1719 775 1776 unica
818 1723 1136 1777 sarcinula
1181 1718 1398 1777 intuitu
1439 1715 1848 1800 dispositionis
1889 1715 2074 1777 stellae

359 1842 495 1878 cum
566 1834 784 1880 Μίνωα
850 1819 1166 1894 convenit,
1219 1818 1329 1879 sed
1405 1831 1464 1878 et
1541 1817 1709 1893 aliae3
1778 1816 1964 1877 habes
2010 1818 2073 1876 in

357 1925 587 1980 astrceis
661 1920 1128 2003 quamplurimas
1175 1918 1439 1980 lamellas
1485 1918 1812 2001 inaequales
1840 1965 1858 1993 ,
1902 1932 1969 1978 ut
2011 1920 2075 1978 in

358 2021 830 2105 caryoplyiliz'S,
876 2037 941 2081 ut
968 2024 1031 2080 in
1075 2021 1539 2104 eclzinoplzorz‘S,
1587 2035 1647 2079 et
1690 2019 2029 2080 turbinoliis
2052 2047 2080 2094 ,-

363 2145 567 2183 earum
613 2123 927 2207 dispositio
974 2145 1110 2182 cum
1158 2121 1386 2181 eisdem
1430 2123 1755 2198 consentit3
1804 2135 2077 2181 centrum

363 2246 529 2307 saepe
574 2224 950 2307 papillosum.
995 2227 1300 2283 Praeterea
1346 2222 1712 2285 adhaerentia
1767 2246 1901 2282 cum
1948 2222 2077 2282 aliis

365 2325 722 2408 corporibus
797 2347 992 2408 neque
1062 2328 1241 2385 unice
1314 2324 1389 2384 acl
1446 2338 1725 2385 astroeam
1770 2325 2078 2407 pertinet3

368 2429 512 2508 quin
558 2429 678 2487 imo
732 2427 874 2486 licet
915 2433 1262 2487 sarcinulas
1318 2425 1620 2510 probabili
1665 2426 1894 2485 ratione
1940 2424 2080 2486 fixas

368 2528 617 2589 credere
665 2528 1028 2607 debeamus,
1075 2543 1271 2588 tamen
1319 2527 1474 2586 sacto
1520 2549 1642 2587 non
1690 2541 1944 2587 constat.

452 2630 546 2689 Ad
590 2653 718 2690 rem
749 2645 1015 2690 nostram
1057 2632 1311 2689 interest
1341 2630 1518 2689 etiam
1543 2650 1723 2689 nosse
1761 2630 2084 2706 Lamarclc,

370 2745 648 2790 astroeam
694 2754 934 2813 quoque
965 2734 1024 2790 in
1051 2731 1404 2791 divisionem
1448 2731 1723 2791 retulisse
1754 2730 2087 2813 polypario-

370 2856 504 2891 rum
536 2882 552 2910 ,
600 2856 732 2916 quae
779 2832 1128 2892 lamellifera
1184 2834 1452 2892 vocavit:
1501 2832 1704 2914 quod,
1750 2846 1814 2890 ut
1857 2833 2083 2891 rectius

374 2934 775 3018 intelligatur,
821 2957 917 2994 res
951 2935 1119 2994 altius
1166 2932 1516 3017 repetenda.
1564 2932 1860 2991 putabant
1904 2935 2083 2991 nimi·

371 3056 506 3092 rum
550 3050 783 3097 veteres
809 3059 1015 3097 omnes
1049 3037 1482 3118 madreporus,
1532 3033 2085 3118 etmadreplzyllias

375 3135 451 3195 ad
496 3137 764 3218 vegetale
809 3161 1060 3221 regnum
1106 3139 1412 3220 pertinere
1442 3185 1460 3214 ,
1509 3139 1645 3219 quia
1691 3137 1860 3221 plura
1908 3158 1975 3195 ex
2021 3136 2084 3194 il·-

374 3236 444 3296 lis
476 3284 493 3313 ,
532 3252 597 3298 ut
639 3237 753 3320 jam
783 3289 799 3317 ,
848 3239 921 3299 de
986 3245 1313 3301 serualur-ia
1362 3241 1737 3323 potissimum
1783 3254 2029 3322 agentes
2065 3285 2085 3314 ,
