2324 3631
423 191 532 250 162

496 292 713 351 Manca
758 289 1111 370 ceteroquin
1157 287 1423 348 definitio
1481 302 1572 350 est
1617 310 1801 372 quam
1840 291 2120 353 naturalis

412 391 676 452 historiae
721 392 1071 450 dictionarii
1112 403 1387 450 auctores
1421 390 1799 450 tradiderunt
1843 389 1917 451 de
1960 407 2125 453 eate-

409 497 671 577 nipora3
740 506 866 552 tota
924 494 1083 550 enim
1130 505 1349 573 quanta
1396 506 1487 552 est
1530 491 1700 573 hujus
1748 494 1986 576 generis
2036 496 2121 555 vis

411 610 594 677 atque
633 593 936 654 distinctio
973 592 1311 676 repetenda
1350 591 1530 653 dubio
1568 594 1782 677 procul
1821 618 1853 653 a
1887 598 2126 655 laminis

408 699 468 755 in
513 695 830 755 reticulum
874 695 1462 755 anastomosantibics
1491 742 1515 768 ,
1557 694 1718 756 unde
1763 696 2069 758 Lamarclc
2105 746 2124 776 ‚

410 798 661 860 vocibus
709 812 889 880 atque
936 796 1285 857 definitione
1330 812 1481 857 utar.

493 901 565 958 In
614 899 835 959 calcari
880 898 1088 958 insulae
1139 898 1546 977 Gotlzlanclioe,
1593 900 1807 960 calcari
1846 899 2126 961 carboni-

407 1000 538 1061 fero
583 1015 736 1061 teste
783 1003 1072 1080 Hisinger
1113 1000 1525 1083 respondente
1553 1049 1571 1077 ‚
1617 1000 1905 1062 habemus
1955 1015 2125 1061 eate-

407 1109 686 1187 mporam
728 1103 1144 1164 escharoidem
1170 1150 1191 1176 ,
1235 1107 1572 1164 axillarem
1597 1151 1621 1177 ,
1684 1116 1912 1164 struem
1936 1150 1961 1176 2
2006 1125 2127 1163 ser·-

402 1212 616 1288 palam
641 1254 665 1278 ,
712 1219 771 1266 et
791 1204 1286 1287 fascicularem3
1326 1227 1426 1265 eas
1488 1207 1548 1264 in
1586 1205 1889 1266 zechstein
1933 1225 2128 1288 usque

409 1329 569 1367 nunc
614 1329 735 1366 non
780 1308 1181 1367 invenerunt:
1241 1308 1388 1389 quin
1432 1309 1553 1367 imo
1616 1309 1676 1367 in
1721 1314 1901 1368 oolite
1965 1320 2128 1368 cate-

406 1414 635 1491 niporoe
671 1410 958 1467 memoria
989 1407 1213 1467 deficit.
1261 1410 1509 1491 Species
1552 1408 1817 1491 denique
1864 1407 1940 1468 ad
1978 1425 2124 1470 aeta-

406 1525 531 1568 tem
574 1511 951 1592 superiorem
988 1511 1397 1593 pertinentes,
1446 1532 1595 1592 quas
1626 1512 2003 1588 invenimus,
2036 1533 2125 1571 eae

410 1611 485 1670 ad
530 1625 715 1671 strata
761 1626 1223 1693 supracretacea
1268 1611 1626 1672 taefferuntur.

493 1715 715 1772 Mirum
760 1735 903 1773 sane
963 1712 1194 1773 videtur
1240 1712 1314 1773 de
1360 1736 1583 1796 genere
1630 1713 1948 1797 deperdito
1995 1735 2122 1775 ser-

408 1837 654 1875 monem
684 1816 997 1875 instituere
1020 1864 1033 1889 ,
1081 1838 1193 1875 nec
1232 1816 1338 1874 alia
1378 1822 1691 1899 aicloporoe
1717 1816 1980 1876 conditio
2014 1832 2126 1895 est,

411 1917 720 1999 singularis
748 1920 1149 1998 providentie&
1190 1917 1501 2001 dispositio
1538 1918 1711 1978 nullis
1751 1921 2128 1979 circumscri-

408 2033 513 2102 pta
557 2018 875 2094 limitibus,
905 2022 1055 2078 mira
1102 2041 1344 2101 semper
1373 2034 1499 2078 tum
1527 2022 1586 2078 in
1617 2021 1687 2079 iis
1721 2019 2128 2098 documenti8‚

410 2142 544 2201 quae
590 2120 701 2180 sub
739 2122 961 2181 nostris
1010 2121 1195 2180 oculis
1244 2123 1478 2203 posita:
1527 2137 1653 2181 tum
1698 2123 1810 2199 iis,
1870 2144 2129 2204 quorum

409 2222 862 2306 praeterlapsam
910 2225 1264 2283 memoriam
1310 2223 1639 2298 habemus,
1685 2224 1780 2283 vel
1824 2245 2129 2307 nunquam

413 2326 658 2406 assequi
704 2346 1044 2406 possumus.

704 2459 1215 2512 CATENIPORA
1269 2461 1854 2511 LABYRINTHICA

1132 2587 1402 2625 GOLDFUS

416 2684 569 2733 Tubis
607 2685 833 2752 tubiferis
861 2723 873 2749 ‚
908 2688 1147 2735 contortis
1172 2725 1185 2749 ‚
1216 2688 1934 2754 plz'cato-anostomosantibus
1963 2729 1975 2754 ‚
2014 2707 2122 2738 ma-

481 2773 607 2821 culis
683 2774 1268 2842 labyrintlzifornzibzc53
1339 2775 1631 2825 tubulorum
1673 2778 1865 2826 ostiolis
1925 2780 2125 2841 omlis,

483 2862 690 2912 scabris,

453 2983 637 3033 Knorr.
676 2985 831 3034 Petrf.
878 3003 930 3032 ιι
976 2987 1078 3034 ταί).
1118 3004 1165 3053 9.
1202 2986 1285 3052 ἧς.
1324 2989 1372 3048 4.

451 3070 627 3137 Espcr.
666 3072 853 3140 Zooph.
892 3073 1008 3122 foss.
1046 3077 1150 3123 tal).
1191 3073 1340 3142 5fig.
1388 3093 1434 3123 2.

455 3157 687 3220 Goldfics.
727 3160 911 3209 Petrcf.
939 3162 1104 3211 Germ.
1136 3179 1260 3228 pag.
1301 3162 1366 3227 75
1404 3162 1510 3211 tab.
1548 3163 1612 3212 25
1639 3162 1731 3230 fig.
1771 3165 1817 3212 5,

454 3246 720 3294 Blainville
761 3247 973 3298 Manuel.
1014 3248 1061 3298 d'
1091 3250 1290 3300 actinol.
1323 3267 1445 3316 pag.
1486 3250 1602 3298 352.
