2324 3631
1856 175 1934 262 δὴ

227 320 339 381 hac
387 314 591 399 specie
637 301 1044 370 vehementius
1084 293 1375 377 ancipites
1414 288 1649 349 haerere
1689 281 1941 343 debere-

226 440 358 481 mus
392 439 463 477 an
497 417 627 499 ipsa
656 406 991 468 turbinolioe
1014 395 1419 479 trochfformis
1442 389 1714 462 nomine,
1738 383 1940 441 venire

229 533 474 605 posset3
521 511 658 588 sed,
696 510 744 568 si
784 519 1088 588 auctorem
1126 512 1401 557 nostrum
1440 489 1747 550 audiamus
1798 482 1941 541 dum

233 624 309 683 de
355 620 573 692 sulciS‚
620 625 681 671 et
736 608 811 668 de
856 602 1179 676 lateribus,
1225 620 1336 657 nec
1385 615 1506 652 non
1553 589 1626 649 de
1673 584 1943 666 margine

233 739 576 785 sermonem
621 711 834 788 habet,
877 705 1260 766 turbinolc'am
1290 697 1542 759 Stoa-esic·
1570 710 1773 752 veram
1802 703 1943 767 spe-

240 827 398 885 ciem
444 819 717 878 fatemur.

321 920 568 983 Habitat
612 963 627 977 .
675 962 688 973 .
735 960 751 976 .
796 909 1120 993 Reperitur
1163 906 1224 963 in
1267 901 1519 982 regione
1556 892 1871 956 Alabama.

631 1110 1112 1169 TURBINOLIA
1146 1098 1553 1162 MACLURII

1041 1267 1155 1307 LEA

244 1418 557 1474 Turbinolia
610 1421 866 1475 cuneata,
926 1407 1112 1455 minute
1169 1400 1484 1460 camellam,
1525 1393 1714 1464 fideis,
1750 1388 1951 1438 costisve

299 1509 540 1559 destituta
563 1528 575 1564 ·‚
621 1499 818 1551 tumida
844 1520 856 1559 ·‚
893 1495 1089 1543 duobus
1125 1489 1394 1539 tuberculis
1422 1487 1668 1551 utrimque
1689 1475 1910 1549 praedita
1931 1514 1947 1538 ,

302 1598 412 1647 basi
469 1589 751 1658 rotundam
782 1607 801 1642 ,·
858 1583 1009 1632 stella
1067 1577 1418 1643 suh-elliptica
1476 1571 1703 1640 superius
1740 1605 1755 1632 ,
1806 1563 1950 1634 poris

303 1679 672 1749 irregularibus
693 1714 706 1741 ,
742 1671 930 1742 sparsis
966 1667 1231 1734 insculpta.

250 1843 372 1892 Lea.
411 1833 786 1888 Contribution.
824 1830 906 1880 cit.
939 1841 1062 1896 pag.
1109 1825 1223 1891 193.
1264 1820 1366 1871 lab.
1404 1817 1454 1869 6.
1469 1816 1575 1887 fig.
1613 1812 1731 1865 206.

347 2027 711 2090 Turbinolia
787 2020 1080 2081 Maelurz'i
1159 2011 1496 2095 simplicem
1576 1999 1959 2087 superficiem

245 2131 520 2218 praebetj
560 2142 739 2208 atque
782 2121 1095 2205 dispositio
1134 2113 1505 2175 lamellarum
1548 2105 1804 2179 undata,
1849 2121 1958 2182 pe-

251 2239 398 2295 ritus
467 2234 529 2290 iu
573 2228 683 2288 hac
753 2226 955 2309 specie
1003 2219 1309 2302 incognita
1354 2227 1475 2287 est,
1520 2210 1664 2268 lieet
1709 2219 1963 2264 caetero-

252 2339 395 2420 quin
433 2332 687 2393 totidem
728 2327 923 2387 adsint
964 2321 1215 2381 lamellae
1257 2321 1319 2377 in
1360 2318 1598 2375 interna
1634 2320 1962 2377 structura,

248 2437 409 2497 uude
442 2432 612 2495 stella
641 2431 863 2513 repetit
903 2426 1210 2507 originem.
1253 2417 1545 2497 Ambigua
1591 2432 1660 2471 ex
1697 2406 1962 2468 auctori-

253 2554 374 2599 tate
413 2538 541 2595 Lea
578 2534 915 2615 marginum
939 2526 1109 2608 hujus
1141 2522 1364 2606 speciei
1401 2514 1629 2577 indoles
1671 2525 1789 2585 est3
1828 2528 1970 2591 pro-

253 2639 441 2700 babili
470 2638 704 2695 ratione
729 2630 1053 2692 defendere
1071 2615 1789 2709 possumus'rotundatam
1818 2629 1969 2670 esse.

341 2743 647 2800 Caeterum
674 2746 946 2816 quoquot
972 2728 1276 2789 retulimus
1307 2723 1542 2808 species
1576 2708 1976 2795 eze{cotis11ntli

259 2866 397 2903 cum
433 2840 732 2900 recensita
768 2834 1023 2894 auctoris
1066 2822 1560 2908 Americanijulla
1599 2819 1832 2878 ratione
1871 2833 1977 2871 ne-

262 2958 507 3028 queunt.

342 3046 666 3105 Habitat...
701 3041 1043 3124 Reperitur,
1081 3037 1165 3095 uti
1202 3041 1579 3100 memoratae,
1618 3024 1678 3082 in
1718 3019 1966 3102 regione

263 3150 323 3212 A
328 3149 586 3207 lahama.

347 3251 499 3310 Mus.
516 3245 746 3309 Philad.
771 3247 974 3308 Instit.
992 3230 1838 3307 New-J01⁷cls.CollectioLea
1861 3238 1975 3288 ete.
