2324 3631
228 261 434 312 Muller.
472 260 677 330 Zoolog.
712 263 836 311 Dan.
873 262 1040 331 prodr.
1071 283 1196 335 pag.
1234 265 1351 316 252.

229 349 517 400 Blainville.
553 352 687 399 Man.
725 348 774 397 d'
797 349 956 402 Actin.
986 369 1110 421 pag.
1149 353 1267 403 381.

229 436 472 486 Lamarlc.
511 437 712 486 Histoir.
758 452 775 484 1
822 446 871 486 et
908 456 936 487 2
978 438 1099 487 edit.
1137 451 1258 490 tom.
1303 457 1332 489 2
1361 454 1486 506 pag.
1526 440 1644 502 458.

281 562 354 620 In
396 568 640 623 oeulina
682 585 859 622 rosea
891 612 910 640 ‚
963 565 1043 622 ait
1083 567 1326 643 Pallas,
1371 587 1618 625 cernere
1666 579 1756 626 est
1800 590 1900 626 co-

200 667 438 721 ralliwn
481 662 885 745 pulcherrime
967 686 1212 724 roseum
1248 713 1270 738 2
1318 665 1570 726 solidum
1606 713 1623 741 ,
1689 669 1894 751 tereti-

201 777 603 838 attenuatum,
643 762 1086 840 dichotomum,
1125 768 1612 826 ramosissimum.
1655 769 1901 850 Regerit

200 877 495 946 praeterea
520 911 537 939 ,
575 862 801 924 habere
846 886 1026 948 poros
1065 867 1431 948 prominulos
1461 915 1480 945 ,
1527 871 1587 926 in
1628 871 1899 928 extremis

199 966 381 1024 ramis
428 964 766 1025 crebriores
799 1012 816 1041 ,
865 964 1091 1048 ubique
1137 988 1376 1049 sparsos
1417 1016 1435 1045 ,
1479 969 1841 1029 rariusculos
1882 1019 1898 1046 ,

196 1067 425 1147 passim
468 1067 529 1124 in
585 1066 882 1149 agminula
936 1083 1274 1149 congestos.
1321 1069 1668 1129 Verruculae
1715 1084 1852 1129 sunt
1884 1119 1901 1147 ‚

200 1186 269 1225 ex
315 1165 580 1248 ejusdem
624 1168 938 1249 scriptoris
974 1167 1279 1242 doctrina,
1324 1173 1546 1252 passim
1578 1192 1850 1230 convexae
1884 1220 1901 1247 ‚

274 1270 507 1326 minatae
542 1316 557 1342 ,
602 1268 785 1327 stellis
834 1270 1187 1330 intermixtae
1214 1318 1231 1345 ,
1275 1293 1453 1330 cavae.

281 1369 370 1426 Ex
413 1366 503 1428 his
571 1367 797 1450 liquido
845 1384 1064 1452 patet,
1120 1369 1274 1430 hanc
1340 1373 1606 1454 speciem
1652 1371 1899 1432 confun-

197 1289 270 1350 ag

189 1467 451 1528 dendam
523 1492 644 1528 non
706 1491 836 1529 esse
898 1494 1030 1530 cum
1082 1476 1324 1530 oezclc‘na
1370 1477 1638 1552 virginea
1668 1520 1684 1548 ,
1733 1474 1894 1556 cujus

196 1583 287 1628 est
330 1571 391 1628 in
436 1571 643 1653 primis
684 1619 701 1647 ,
756 1593 952 1630 ramos
999 1586 1295 1631 tortuosos
1341 1571 1564 1631 habere
1606 1620 1623 1648 ,
1682 1573 1900 1634 deinde

200 1668 397 1729 stellas
445 1669 582 1729 alias
632 1692 762 1730 esse
802 1672 1106 1731 immersas
1140 1719 1157 1748 ,
1204 1671 1343 1731 alias
1390 1673 1751 1754 prominulas
1780 1723 1797 1751 ⁷
1843 1689 1902 1734 et

198 1769 445 1830 lamellis
514 1770 764 1830 inclusas
804 1795 819 1830 z
883 1793 1081 1852 neque
1137 1773 1314 1830 etiam
1360 1772 1660 1855 confundi
1699 1789 1903 1856 potest

198 1894 333 1932 cum
367 1877 606 1931 oealina
642 1871 918 1947 Ῐιὶνῐείἰα,
961 1895 1094 1955 quae
1133 1872 1408 1956 possidet
1446 1896 1653 1934 omnes
1695 1875 1895 1936 stellas

197 1973 562 2056 prominulas
593 2020 609 2047 ,
657 1971 1017 2033 echinulatas
1047 2020 1064 2049 ,
1112 1989 1291 2056 atque
1337 1973 1603 2035 lamellas
1651 1991 1897 2037 exertas.

279 2077 558 2134 Proxima
604 2080 857 2134 oczclinoe
902 2074 1151 2135 hirteZlce
1197 2090 1289 2135 est
1331 2083 1581 2136 oczclc'na
1627 2078 1847 2160 dffcscz
1878 2126 1899 2150 ,

197 2200 330 2261 quae
379 2175 637 2259 quidem,
697 2175 930 2236 infirmo
976 2198 1110 2236 meo
1155 2175 1400 2258 judicic,
1443 2178 1598 2238 illius
1646 2182 1897 2239 varietas

196 2278 607 2340 tantummodo
656 2293 745 2337 est
782 2302 796 2354 3
841 2301 978 2336 nam
1026 2278 1187 2359 quod
1232 2281 1310 2338 sit
1347 2301 1580 2339 ramosa
1611 2329 1626 2357 ,
1691 2279 1895 2338 dicho-

196 2393 377 2457 toma‚
420 2379 658 2450 diffusa,
704 2377 817 2437 hoc
857 2380 1093 2460 utrique
1133 2380 1356 2461 speciei
1402 2382 1715 2439 convenit:
1764 2382 1897 2439 stel-

194 2481 277 2540 las
327 2503 567 2563 quoque
617 2479 856 2540 tradunt
901 2479 1302 2562 prominulas,
1351 2480 1712 2541 echinulatas
1762 2504 1893 2542 esse

195 2585 259 2642 in
302 2587 547 2641 oeulina
578 2581 801 2664 clffficsa
827 2628 849 2653 ,
894 2580 1278 2662 lamellasque
1312 2595 1558 2641 exertas.
1607 2583 1894 2666 Superest

193 2686 393 2765 itaque
419 2731 436 2759 ,
480 2696 546 2741 ut
588 2681 888 2741 videamus
919 2728 936 2755 ,
985 2680 1199 2762 quibus
1246 2684 1399 2742 notis
1447 2685 1733 2742 consistat
1778 2686 1892 2743 La-

192 2785 444 2844 marc-lcii
486 2783 708 2842 divisio.
760 2784 893 2842 Non
939 2796 1139 2865 potest
1193 2784 1251 2840 in
1297 2783 1462 2841 caule
1510 2786 1837 2843 consistere
1878 2810 1890 2844 z

195 2889 310 2946 erit
353 2907 428 2943 ne
473 2886 531 2942 in
577 2899 782 2943 centro
833 2883 1166 2966 papilloso?
1213 2882 1707 2965 haudquaquam,
1754 2908 1890 2943 nam

196 3001 466 3047 centrum
497 2985 852 3068 papillosum
892 2999 982 3043 est
1028 3006 1200 3066 aeque
1233 2987 1292 3042 in
1316 2990 1563 3044 oezclina
1607 2986 1888 3058 birtella,

194 3111 263 3146 ac
313 3090 373 3146 in
420 3091 662 3146 οσαίἰηα
718 3086 962 3167 dgfficsa.
1010 3086 1163 3144 Tota
1216 3086 1396 3168 igitur
1442 3087 1691 3167 quaestio
1721 3136 1737 3162 ,
1783 3109 1889 3146 seu

196 3189 494 3249 distinctio
557 3185 1005 3247 fundamentum
1050 3184 1226 3247 habet
1285 3188 1344 3246 in
1403 3185 1647 3246 lamellis
1695 3209 1887 3246 serru-

1492 3302 1535 3327 12
