2324 3631
512 194 534 207 ος

1798 202 1903 260 161

217 321 367 383 pora
431 297 592 381 apud
656 295 1070 358 collectionem
1131 293 1917 381 mirificam'fzoophytorum

212 400 285 459 D.'
330 400 639 460 Michelin.

296 500 422 561 Ubi
450 523 587 561 vera
617 498 821 573 thesis,
839 521 951 560 nec
982 520 1114 558 mea
1140 499 1338 560 obstat
1361 501 1584 582 opiniO,
1610 523 1726 582 qua
1750 521 1912 583 pono

213 599 499 660 flectuare
535 601 692 659 inter
718 605 1061 660 sarcinulas
1092 614 1151 660 et
1176 602 1516 684 tubzpora53
1551 600 1665 660 hoc
1696 616 1916 661 statuto

218 703 379 761 enim
421 707 838 784 cateniporam
900 701 1187 761 accedere
1249 709 1571 763 sarcinulis
1607 751 1624 780 ,
1688 702 1918 762 accedit

216 816 277 862 et
312 807 525 863 astreis
558 816 617 862 et
646 802 800 878 aliis3
838 824 1200 884 semperque
1238 825 1444 862 verum
1470 819 1590 879 est,
1628 805 1918 864 fluctuare

216 907 629 983 cateniporam
669 949 686 978 ‚
760 925 872 962 nec
918 905 1056 963 satis
1121 903 1593 963 demonstratum
1648 905 1773 965 fore
1823 909 1919 966 cui

215 1002 534 1063 tribuenda
563 1007 798 1087 generis
839 1006 1126 1064 affinitas:
1166 1027 1305 1065 sane
1336 1007 1393 1064 in
1433 1004 1558 1087 jure
1583 1009 1740 1066 inter
1767 1007 1915 1068 duos

217 1127 471 1187 quorum
507 1128 657 1166 unus
704 1121 919 1189 neget,
966 1106 1114 1165 alter
1159 1109 1450 1184 affirmet,
1497 1110 1645 1189 quin
1691 1108 1917 1191 aliquid

214 1206 478 1288 probent
506 1255 525 1283 ,
570 1222 781 1266 neutro
836 1207 1016 1266 fidem
1061 1206 1393 1267 adhibetur.

218 1349 224 1351 >
296 1306 525 1366 Notare
601 1330 843 1390 quoque
901 1307 1191 1367 debemus
1238 1308 1432 1369 sulcos
1471 1356 1487 1383 ‚
1555 1331 1707 1392 quos
1755 1325 1916 1371 extus

213 1407 422 1468 adesse
466 1422 638 1492 putat
679 1412 1017 1486 Blainville,
1062 1432 1274 1492 reapse
1315 1433 1433 1470 non
1482 1413 1764 1490 existere3
1813 1416 1919 1496 qui

216 1511 378 1568 enim
408 1510 555 1569 sulci
601 1512 794 1592 prima
822 1510 1018 1570 fronte
1065 1510 1361 1589 videntur,
1390 1512 1536 1571 nihil
1583 1514 1742 1573 aliud
1782 1531 1919 1575 sunt

217 1633 398 1693 quam
470 1611 812 1694 irregularis
880 1627 1107 1671 textura
1170 1615 1435 1695 ipsarum
1502 1615 1866 1676 lamellarum
1901 1667 1918 1695 ‚

219 1715 333 1772 nisi
376 1714 568 1773 vicem
631 1713 932 1773 sulcorum
979 1730 1218 1796 gerant,
1267 1737 1334 1774 ex
1376 1714 1542 1798 hujus
1601 1721 1918 1801 scriptoris

218 1812 513 1873 sententia
540 1861 559 1890 ,
626 1837 756 1896 quae
802 1815 1018 1874 adsunt
1063 1817 1378 1875 interstitia
1426 1819 1581 1876 inter
1626 1819 1920 1902 polyparii

218 1914 494 1992 cellulas;
541 1917 660 1975 imo
695 1918 1053 1976 affirmarem
1081 1917 1399 1999 aliquando
1431 1919 1624 1979 sulcos
1670 1920 1918 1996 adesse,

219 2017 324 2099 qui
367 2039 487 2076 non
541 2017 996 2100 longitudinales
1025 2067 1044 2096 ,
1101 2020 1206 2078 sed
1252 2022 1672 2082 transversales
1722 2038 1875 2084 sunt.

299 2118 439 2178 Non
484 2118 820 2180 dubitamus
883 2120 1146 2203 denique
1193 2143 1463 2182 asserere
1501 2128 1918 2205 'communica-

215 2221 446 2280 tionem
490 2219 750 2280 deficere
794 2223 952 2281 inter
988 2222 1238 2306 polypos
1284 2226 1397 2284 nisi
1441 2227 1500 2283 in
1546 2227 1660 2284 ima
1707 2243 1916 2309 parte,

217 2320 380 2403 quod
436 2323 612 2381 etiam
658 2322 850 2405 probe
914 2323 1293 2400 notandum3
1348 2325 1606 2386 lamellas
1652 2330 1914 2389 internas

215 2421 425 2481 itidem
455 2422 663 2483 adesse
702 2423 882 2483 modo
928 2438 1136 2484 tenues
1158 2472 1177 2500 7
1224 2425 1400 2484 modo
1433 2430 1695 2508 potiores
1720 2478 1737 2506 7
1785 2453 1915 2512 quae

213 2524 460 2583 interius
518 2524 593 2583 ad
638 2523 822 2584 latera
874 2541 1010 2586 sunt
1055 2525 1342 2586 adnexae:
1390 2527 1496 2587 sed
1542 2552 1613 2588 an
1660 2530 1784 2592 haec
1830 2532 1912 2589 la—

214 2624 406 2683 mellae
454 2625 626 2684 simul
671 2628 732 2684 in
794 2650 911 2686 uno
958 2641 1164 2687 centro
1209 2627 1526 2711 jungantur
1554 2679 1569 2708 ,
1637 2654 1748 2691 nec
1792 2634 1913 2691 La-

215 2727 423 2787 marck
447 2775 465 2804 ,
512 2749 621 2786 nec
658 2731 1183 2789 Milne-Eclwards
1212 2779 1230 2806 ,
1275 2753 1387 2790 nec
1426 2734 1557 2814 ipse
1597 2737 1912 2815 conspexi,

213 2850 326 2889 nec
371 2831 409 2887 ii
441 2850 507 2887 ex
546 2831 899 2911 germanicis
935 2832 1359 2913 scriptoribus,
1393 2837 1495 2915 qui
1526 2835 1914 2917 zooplzytolo-

206 2935 324 3008 gioe
368 2952 586 2989 nomen
624 2929 947 2990 dederunt:
988 2930 1116 2992 haec
1165 2935 1410 3015 quaestio
1451 2937 1631 3015 igitur
1669 2934 1777 2993 sub
1821 2935 1910 3018 ju-

218 3031 347 3089 dice
387 3030 576 3090 adhuc
615 3046 704 3091 est
718 3080 735 3108 ,
768 3035 814 3090 si
850 3039 1213 3115 eatenzporoe
1252 3060 1282 3094 a
1319 3041 1553 3116 Sysinas*
1591 3036 1908 3111 recedunt,

215 3132 522 3216 multoque
551 3135 738 3216 magis
772 3133 911 3194 nihil
952 3159 1264 3197 commune
1298 3160 1429 3197 cum
1464 3137 1909 3220 Caryoplzffllc'is

218 3232 452 3294 habena

1511 3355 1553 3379 11
