<?xml version="1.0" encoding="UTF-8"?>
<!DOCTYPE html PUBLIC "-//W3C//DTD XHTML 1.0 Transitional//EN"
    "http://www.w3.org/TR/xhtml1/DTD/xhtml1-transitional.dtd">
<html xmlns="http://www.w3.org/1999/xhtml" xml:lang="en" lang="en">
 <head>
  <title>
</title>
<meta http-equiv="Content-Type" content="text/html;charset=utf-8" />
  <meta name='ocr-system' content='tesseract 3.04.00' />
  <meta name='ocr-capabilities' content='ocr_page ocr_carea ocr_par ocr_line ocrx_word'/>
</head>
<body>
  <div class='ocr_page' id='page_1' title='image "./specimenzoophyto00mich_0194.png"; bbox 0 0 2324 3631; ppageno 0'>
   <div class='ocr_carea' id='block_1_1' title="bbox 389 190 503 249">
    <p class='ocr_par' dir='ltr' id='par_1_1' title="bbox 389 190 503 249">
     <span class='ocr_line' id='line_1_1' title="bbox 389 190 503 249; baseline 0.035 -3"><span class='ocrx_word' id='word_1_1' title='bbox 389 190 503 249; x_wconf 81' lang='lat'>186</span> 
     </span>
    </p>
   </div>
   <div class='ocr_carea' id='block_1_2' title="bbox 374 289 2082 779">
    <p class='ocr_par' dir='ltr' id='par_1_2' title="bbox 374 289 2082 552">
     <span class='ocr_line' id='line_1_2' title="bbox 375 289 2082 374; baseline 0 -26"><span class='ocrx_word' id='word_1_2' title='bbox 375 291 736 374; x_wconf 82' lang='lat' dir='ltr'>madrepora</span> <span class='ocrx_word' id='word_1_3' title='bbox 773 295 1171 374; x_wconf 75' lang='lat' dir='ltr'>plccntaginea</span> <span class='ocrx_word' id='word_1_4' title='bbox 1239 302 1298 350; x_wconf 89' lang='lat' dir='ltr'>et</span> <span class='ocrx_word' id='word_1_5' title='bbox 1350 289 1783 351; x_wconf 79' lang='lat' dir='ltr'>abrotanoides</span> <span class='ocrx_word' id='word_1_6' title='bbox 1821 336 1842 361; x_wconf 81' lang='lat'><em>,</em></span> <span class='ocrx_word' id='word_1_7' title='bbox 1902 311 2082 349; x_wconf 87' lang='lat' dir='ltr'>unam</span> 
     </span>
     <span class='ocr_line' id='line_1_3' title="bbox 374 392 2082 476; baseline -0.001 -25"><span class='ocrx_word' id='word_1_8' title='bbox 374 395 637 474; x_wconf 84' lang='lat' dir='ltr'>speciem</span> <span class='ocrx_word' id='word_1_9' title='bbox 671 394 1013 476; x_wconf 75' lang='lat' dir='ltr'>posteriori,</span> <span class='ocrx_word' id='word_1_10' title='bbox 1049 393 1482 474; x_wconf 83' lang='lat' dir='ltr'>vetustiorique</span> <span class='ocrx_word' id='word_1_11' title='bbox 1519 392 1634 452; x_wconf 92' lang='lat' dir='ltr'>hoc</span> <span class='ocrx_word' id='word_1_12' title='bbox 1674 393 1917 451; x_wconf 87' lang='lat' dir='ltr'>nomine</span> <span class='ocrx_word' id='word_1_13' title='bbox 1943 413 2082 450; x_wconf 85' lang='lat' dir='ltr'>con-</span> 
     </span>
     <span class='ocr_line' id='line_1_4' title="bbox 379 497 640 552; baseline 0 0"><span class='ocrx_word' id='word_1_14' title='bbox 379 497 640 552; x_wconf 88' lang='lat' dir='ltr'>stituant.</span> 
     </span>
    </p>

    <p class='ocr_par' dir='ltr' id='par_1_3' title="bbox 376 591 2082 779">
     <span class='ocr_line' id='line_1_5' title="bbox 461 591 2082 655; baseline 0.001 -3"><span class='ocrx_word' id='word_1_15' title='bbox 461 594 708 653; x_wconf 82' lang='lat' dir='ltr'>Habitat</span> <span class='ocrx_word' id='word_1_16' title='bbox 754 596 812 652; x_wconf 93' lang='lat' dir='ltr'>in</span> <span class='ocrx_word' id='word_1_17' title='bbox 861 596 1102 654; x_wconf 79' lang='lat' dir='ltr'>Oceano</span> <span class='ocrx_word' id='word_1_18' title='bbox 1143 594 1352 654; x_wconf 86' lang='lat' dir='ltr'>Indico</span> <span class='ocrx_word' id='word_1_19' title='bbox 1400 640 1413 652; x_wconf 91' lang='lat'><strong>.</strong></span> <span class='ocrx_word' id='word_1_20' title='bbox 1460 641 1474 653; x_wconf 88' lang='lat'><strong>.</strong></span> <span class='ocrx_word' id='word_1_21' title='bbox 1522 640 1535 653; x_wconf 88' lang='lat'><strong>.</strong></span> <span class='ocrx_word' id='word_1_22' title='bbox 1581 595 1794 655; x_wconf 83' lang='lat' dir='ltr'>fossilis</span> <span class='ocrx_word' id='word_1_23' title='bbox 1834 595 1893 652; x_wconf 88' lang='lat' dir='ltr'>in</span> <span class='ocrx_word' id='word_1_24' title='bbox 1934 591 2082 653; x_wconf 91' lang='lat' dir='ltr'>colle</span> 
     </span>
     <span class='ocr_line' id='line_1_6' title="bbox 376 695 1873 779; baseline 0.001 -26"><span class='ocrx_word' id='word_1_25' title='bbox 376 696 728 754; x_wconf 84' lang='lat' dir='ltr'>Taurinensi</span> <span class='ocrx_word' id='word_1_26' title='bbox 774 695 1109 779; x_wconf 76' lang='lat' dir='ltr'>(frequens)</span> <span class='ocrx_word' id='word_1_27' title='bbox 1155 718 1352 779; x_wconf 90' lang='lat' dir='ltr'>prope</span> <span class='ocrx_word' id='word_1_28' title='bbox 1393 697 1705 757; x_wconf 76' lang='lat' dir='ltr'><em>Veronam</em></span> <span class='ocrx_word' id='word_1_29' title='bbox 1759 710 1873 755; x_wconf 87' lang='lat' dir='ltr'>ete.</span> 
     </span>
    </p>
   </div>
   <div class='ocr_carea' id='block_1_3' title="bbox 770 914 1689 1118">
    <p class='ocr_par' dir='ltr' id='par_1_4' title="bbox 770 914 1689 1118">
     <span class='ocr_line' id='line_1_7' title="bbox 770 914 1689 967; baseline -0.002 -2"><span class='ocrx_word' id='word_1_30' title='bbox 770 915 1265 966; x_wconf 85' lang='lat' dir='ltr'><strong>MADREPORA</strong></span> <span class='ocrx_word' id='word_1_31' title='bbox 1317 914 1689 967; x_wconf 87' lang='lat' dir='ltr'><strong>EXARATA</strong></span> 
     </span>
     <span class='ocr_line' id='line_1_8' title="bbox 844 1037 1631 1118; baseline 0 -22"><span class='ocrx_word' id='word_1_32' title='bbox 844 1059 1014 1097; x_wconf 79' lang='lat' dir='ltr'>Noms</span> <span class='ocrx_word' id='word_1_33' title='bbox 1062 1039 1085 1118; x_wconf 86' lang='lat'>(</span> <span class='ocrx_word' id='word_1_34' title='bbox 1123 1037 1273 1096; x_wconf 77' lang='lat' dir='ltr'>Tab.</span> <span class='ocrx_word' id='word_1_35' title='bbox 1317 1037 1357 1097; x_wconf 85' lang='grc'>6</span> <span class='ocrx_word' id='word_1_36' title='bbox 1390 1038 1500 1117; x_wconf 74' lang='lat' dir='ltr'>fig.</span> <span class='ocrx_word' id='word_1_37' title='bbox 1540 1037 1631 1114; x_wconf 83' lang='lat'>6)</span> 
     </span>
    </p>
   </div>
   <div class='ocr_carea' id='block_1_4' title="bbox 364 1171 2082 1417">
    <p class='ocr_par' dir='ltr' id='par_1_5' title="bbox 364 1171 2082 1417">
     <span class='ocr_line' id='line_1_9' title="bbox 364 1171 2082 1242; baseline -0.001 -19"><span class='ocrx_word' id='word_1_38' title='bbox 364 1171 688 1241; x_wconf 80' lang='lat' dir='ltr'>Madrepora</span> <span class='ocrx_word' id='word_1_39' title='bbox 723 1191 932 1224; x_wconf 82' lang='lat' dir='ltr'>ramosa</span> <span class='ocrx_word' id='word_1_40' title='bbox 969 1213 982 1239; x_wconf 82' lang='grc'>,</span> <span class='ocrx_word' id='word_1_41' title='bbox 1019 1174 1301 1225; x_wconf 75' lang='lat' dir='ltr'><em>rotundam</em></span> <span class='ocrx_word' id='word_1_42' title='bbox 1341 1198 1354 1236; x_wconf 90' lang='lat'>·‚</span> <span class='ocrx_word' id='word_1_43' title='bbox 1394 1176 1552 1223; x_wconf 81' lang='lat' dir='ltr'>ramis</span> <span class='ocrx_word' id='word_1_44' title='bbox 1583 1174 1785 1242; x_wconf 85' lang='lat' dir='ltr'>porosz’s</span> <span class='ocrx_word' id='word_1_45' title='bbox 1817 1195 1836 1229; x_wconf 91' lang='lat'>,·</span> <span class='ocrx_word' id='word_1_46' title='bbox 1890 1172 2082 1221; x_wconf 81' lang='lat' dir='ltr'>cellulis</span> 
     </span>
     <span class='ocr_line' id='line_1_10' title="bbox 433 1261 2079 1331; baseline -0.001 -22"><span class='ocrx_word' id='word_1_47' title='bbox 433 1263 790 1327; x_wconf 79' lang='lat' dir='ltr'><em>irregulariter</em></span> <span class='ocrx_word' id='word_1_48' title='bbox 827 1265 1014 1331; x_wconf 77' lang='lat' dir='ltr'>sparsis</span> <span class='ocrx_word' id='word_1_49' title='bbox 1038 1302 1051 1327; x_wconf 80' lang='grc'>,</span> <span class='ocrx_word' id='word_1_50' title='bbox 1098 1262 1409 1330; x_wconf 79' lang='lat' dir='ltr'>superficiem</span> <span class='ocrx_word' id='word_1_51' title='bbox 1447 1262 1855 1330; x_wconf 79' lang='lat' dir='ltr'>exoequantibus‚</span> <span class='ocrx_word' id='word_1_52' title='bbox 1894 1261 2079 1309; x_wconf 80' lang='lat' dir='ltr'>lamel-</span> 
     </span>
     <span class='ocr_line' id='line_1_11' title="bbox 436 1349 1297 1417; baseline 0.001 -20"><span class='ocrx_word' id='word_1_53' title='bbox 436 1349 831 1406; x_wconf 77' lang='lat' dir='ltr'>loso-stellatis;</span> <span class='ocrx_word' id='word_1_54' title='bbox 869 1352 1095 1417; x_wconf 80' lang='lat' dir='ltr'><em>margine</em></span> <span class='ocrx_word' id='word_1_55' title='bbox 1134 1351 1297 1400; x_wconf 81' lang='lat' dir='ltr'>nullo.</span> 
     </span>
    </p>
   </div>
   <div class='ocr_carea' id='block_1_5' title="bbox 367 1486 2103 3096">
    <p class='ocr_par' dir='ltr' id='par_1_6' title="bbox 370 1486 2088 2364">
     <span class='ocr_line' id='line_1_12' title="bbox 457 1486 2085 1573; baseline -0.001 -25"><span class='ocrx_word' id='word_1_56' title='bbox 457 1486 584 1548; x_wconf 86' lang='lat' dir='ltr'>Ubi</span> <span class='ocrx_word' id='word_1_57' title='bbox 629 1490 876 1548; x_wconf 89' lang='lat' dir='ltr'>interius</span> <span class='ocrx_word' id='word_1_58' title='bbox 922 1489 1314 1573; x_wconf 85' lang='lat' dir='ltr'>madreporas</span> <span class='ocrx_word' id='word_1_59' title='bbox 1360 1489 1642 1571; x_wconf 80' lang='lat' dir='ltr'>inspicias</span> <span class='ocrx_word' id='word_1_60' title='bbox 1681 1534 1700 1563; x_wconf 82' lang='grc'>,</span> <span class='ocrx_word' id='word_1_61' title='bbox 1744 1489 2085 1547; x_wconf 83' lang='lat' dir='ltr'>innumeras</span> 
     </span>
     <span class='ocr_line' id='line_1_13' title="bbox 377 1588 2087 1674; baseline 0 -27"><span class='ocrx_word' id='word_1_62' title='bbox 377 1588 614 1649; x_wconf 81' lang='lat' dir='ltr'>cellulas</span> <span class='ocrx_word' id='word_1_63' title='bbox 656 1590 885 1651; x_wconf 83' lang='lat' dir='ltr'>videbis</span> <span class='ocrx_word' id='word_1_64' title='bbox 912 1640 929 1669; x_wconf 84' lang='grc'>,</span> <span class='ocrx_word' id='word_1_65' title='bbox 976 1613 1123 1674; x_wconf 83' lang='lat' dir='ltr'>quas</span> <span class='ocrx_word' id='word_1_66' title='bbox 1187 1593 1415 1650; x_wconf 86' lang='lat' dir='ltr'>minuta</span> <span class='ocrx_word' id='word_1_67' title='bbox 1473 1589 1926 1674; x_wconf 82' lang='lat' dir='ltr'>diaphragmata</span> <span class='ocrx_word' id='word_1_68' title='bbox 1971 1591 2087 1648; x_wconf 84' lang='lat' dir='ltr'>cir-</span> 
     </span>
     <span class='ocr_line' id='line_1_14' title="bbox 379 1690 2088 1775; baseline -0.001 -25"><span class='ocrx_word' id='word_1_69' title='bbox 379 1690 663 1750; x_wconf 84' lang='lat' dir='ltr'>cumdant</span> <span class='ocrx_word' id='word_1_70' title='bbox 691 1716 704 1768; x_wconf 82' lang='lat'>3</span> <span class='ocrx_word' id='word_1_71' title='bbox 747 1707 926 1775; x_wconf 81' lang='lat' dir='ltr'>atque</span> <span class='ocrx_word' id='word_1_72' title='bbox 966 1692 1061 1752; x_wconf 90' lang='lat' dir='ltr'>hic</span> <span class='ocrx_word' id='word_1_73' title='bbox 1094 1691 1242 1753; x_wconf 81' lang='lat' dir='ltr'>ordo</span> <span class='ocrx_word' id='word_1_74' title='bbox 1275 1691 1445 1752; x_wconf 88' lang='lat' dir='ltr'>adest</span> <span class='ocrx_word' id='word_1_75' title='bbox 1475 1716 1509 1751; x_wconf 89' lang='lat' dir='ltr'>a</span> <span class='ocrx_word' id='word_1_76' title='bbox 1546 1705 1755 1751; x_wconf 88' lang='lat' dir='ltr'>centro</span> <span class='ocrx_word' id='word_1_77' title='bbox 1782 1690 1858 1750; x_wconf 87' lang='lat' dir='ltr'>ad</span> <span class='ocrx_word' id='word_1_78' title='bbox 1881 1712 2088 1774; x_wconf 86' lang='lat' dir='ltr'>super-</span> 
     </span>
     <span class='ocr_line' id='line_1_15' title="bbox 370 1790 2084 1878; baseline -0.001 -27"><span class='ocrx_word' id='word_1_79' title='bbox 370 1790 566 1851; x_wconf 88' lang='lat' dir='ltr'>ficiem</span> <span class='ocrx_word' id='word_1_80' title='bbox 606 1796 958 1853; x_wconf 78' lang='lat' dir='ltr'>exteriorem</span> <span class='ocrx_word' id='word_1_81' title='bbox 1004 1796 1190 1878; x_wconf 89' lang='lat' dir='ltr'>ipsius</span> <span class='ocrx_word' id='word_1_82' title='bbox 1243 1794 1564 1878; x_wconf 77' lang='lat' dir='ltr'>polyparii.</span> <span class='ocrx_word' id='word_1_83' title='bbox 1613 1792 1742 1851; x_wconf 87' lang='lat' dir='ltr'>Alia</span> <span class='ocrx_word' id='word_1_84' title='bbox 1787 1806 2084 1852; x_wconf 80' lang='lat' dir='ltr'>verumta-</span> 
     </span>
     <span class='ocr_line' id='line_1_16' title="bbox 371 1893 2082 1979; baseline 0.001 -27"><span class='ocrx_word' id='word_1_85' title='bbox 371 1915 513 1953; x_wconf 88' lang='lat' dir='ltr'>men</span> <span class='ocrx_word' id='word_1_86' title='bbox 559 1895 971 1955; x_wconf 83' lang='lat' dir='ltr'>transversalia</span> <span class='ocrx_word' id='word_1_87' title='bbox 1017 1898 1352 1979; x_wconf 85' lang='lat' dir='ltr'>sepimenta</span> <span class='ocrx_word' id='word_1_88' title='bbox 1383 1895 1620 1971; x_wconf 85' lang='lat' dir='ltr'>adsunt,</span> <span class='ocrx_word' id='word_1_89' title='bbox 1666 1916 1803 1977; x_wconf 86' lang='lat' dir='ltr'>quae</span> <span class='ocrx_word' id='word_1_90' title='bbox 1852 1893 2082 1953; x_wconf 85' lang='lat' dir='ltr'>idcirco</span> 
     </span>
     <span class='ocr_line' id='line_1_17' title="bbox 374 1995 2085 2080; baseline 0 -27"><span class='ocrx_word' id='word_1_91' title='bbox 374 1997 858 2080; x_wconf 84' lang='lat' dir='ltr'>circumscriptas</span> <span class='ocrx_word' id='word_1_92' title='bbox 891 1997 1154 2057; x_wconf 85' lang='lat' dir='ltr'>reddunt</span> <span class='ocrx_word' id='word_1_93' title='bbox 1176 1996 1415 2057; x_wconf 88' lang='lat' dir='ltr'>cellulas</span> <span class='ocrx_word' id='word_1_94' title='bbox 1448 1998 1609 2080; x_wconf 89' lang='lat' dir='ltr'>ipsas</span> <span class='ocrx_word' id='word_1_95' title='bbox 1636 2020 1649 2056; x_wconf 89' lang='grc'>;</span> <span class='ocrx_word' id='word_1_96' title='bbox 1676 1995 1806 2055; x_wconf 86' lang='lat' dir='ltr'>haec</span> <span class='ocrx_word' id='word_1_97' title='bbox 1831 2016 2085 2078; x_wconf 86' lang='lat' dir='ltr'>respon-</span> 
     </span>
     <span class='ocr_line' id='line_1_18' title="bbox 377 2095 2084 2181; baseline 0 -25"><span class='ocrx_word' id='word_1_98' title='bbox 377 2096 522 2156; x_wconf 85' lang='lat' dir='ltr'>dent</span> <span class='ocrx_word' id='word_1_99' title='bbox 566 2098 789 2158; x_wconf 87' lang='lat' dir='ltr'>cellulis</span> <span class='ocrx_word' id='word_1_100' title='bbox 837 2098 948 2159; x_wconf 88' lang='lat' dir='ltr'>illis</span> <span class='ocrx_word' id='word_1_101' title='bbox 981 2147 998 2177; x_wconf 85' lang='grc'>,</span> <span class='ocrx_word' id='word_1_102' title='bbox 1046 2121 1192 2181; x_wconf 86' lang='lat' dir='ltr'>quas</span> <span class='ocrx_word' id='word_1_103' title='bbox 1240 2098 1507 2158; x_wconf 87' lang='lat' dir='ltr'>videmus</span> <span class='ocrx_word' id='word_1_104' title='bbox 1552 2100 1611 2156; x_wconf 90' lang='lat' dir='ltr'>in</span> <span class='ocrx_word' id='word_1_105' title='bbox 1651 2112 1890 2156; x_wconf 80' lang='lat' dir='ltr'>externa</span> <span class='ocrx_word' id='word_1_106' title='bbox 1934 2095 2084 2156; x_wconf 89' lang='lat' dir='ltr'>facie</span> 
     </span>
     <span class='ocr_line' id='line_1_19' title="bbox 371 2199 2085 2284; baseline 0.001 -28"><span class='ocrx_word' id='word_1_107' title='bbox 371 2199 559 2280; x_wconf 89' lang='lat' dir='ltr'>ipsius</span> <span class='ocrx_word' id='word_1_108' title='bbox 606 2200 949 2284; x_wconf 82' lang='lat' dir='ltr'>polyparii,</span> <span class='ocrx_word' id='word_1_109' title='bbox 1018 2223 1216 2284; x_wconf 86' lang='lat' dir='ltr'>neque</span> <span class='ocrx_word' id='word_1_110' title='bbox 1261 2200 1492 2261; x_wconf 85' lang='lat' dir='ltr'>idcirco</span> <span class='ocrx_word' id='word_1_111' title='bbox 1539 2223 1674 2259; x_wconf 87' lang='lat' dir='ltr'>cum</span> <span class='ocrx_word' id='word_1_112' title='bbox 1720 2201 1882 2283; x_wconf 88' lang='lat' dir='ltr'>poris</span> <span class='ocrx_word' id='word_1_113' title='bbox 1942 2200 2085 2281; x_wconf 88' lang='lat' dir='ltr'>ipsis</span> 
     </span>
     <span class='ocr_line' id='line_1_20' title="bbox 379 2301 841 2364; baseline 0.011 -5"><span class='ocrx_word' id='word_1_114' title='bbox 379 2301 841 2364; x_wconf 81' lang='lat' dir='ltr'>confundendae.</span> 
     </span>
    </p>

    <p class='ocr_par' dir='ltr' id='par_1_7' title="bbox 367 2401 2103 3096">
     <span class='ocr_line' id='line_1_21' title="bbox 460 2401 2103 2490; baseline -0.001 -26"><span class='ocrx_word' id='word_1_115' title='bbox 460 2405 638 2478; x_wconf 86' lang='lat' dir='ltr'>Quod</span> <span class='ocrx_word' id='word_1_116' title='bbox 677 2421 736 2466; x_wconf 89' lang='lat' dir='ltr'>et</span> <span class='ocrx_word' id='word_1_117' title='bbox 775 2409 831 2465; x_wconf 91' lang='lat' dir='ltr'>in</span> <span class='ocrx_word' id='word_1_118' title='bbox 872 2407 1037 2483; x_wconf 75' lang='lat' dir='ltr'>aliis,</span> <span class='ocrx_word' id='word_1_119' title='bbox 1075 2408 1136 2465; x_wconf 91' lang='lat' dir='ltr'>in</span> <span class='ocrx_word' id='word_1_120' title='bbox 1168 2407 1392 2490; x_wconf 78' lang='lat' dir='ltr'>specie,</span> <span class='ocrx_word' id='word_1_121' title='bbox 1433 2404 1506 2464; x_wconf 85' lang='lat' dir='ltr'>de</span> <span class='ocrx_word' id='word_1_122' title='bbox 1548 2427 1665 2486; x_wconf 89' lang='lat' dir='ltr'>qua</span> <span class='ocrx_word' id='word_1_123' title='bbox 1696 2405 1944 2486; x_wconf 58' lang='lat' dir='ltr'>agilum,</span> <span class='ocrx_word' id='word_1_124' title='bbox 1988 2401 2103 2462; x_wconf 91' lang='lat' dir='ltr'>hoc</span> 
     </span>
     <span class='ocr_line' id='line_1_22' title="bbox 367 2505 2091 2591; baseline -0.001 -27"><span class='ocrx_word' id='word_1_125' title='bbox 367 2508 630 2587; x_wconf 85' lang='lat' dir='ltr'>penitius</span> <span class='ocrx_word' id='word_1_126' title='bbox 701 2510 999 2591; x_wconf 84' lang='lat' dir='ltr'>inspicere</span> <span class='ocrx_word' id='word_1_127' title='bbox 1052 2510 1238 2591; x_wconf 90' lang='lat' dir='ltr'>potui.</span> <span class='ocrx_word' id='word_1_128' title='bbox 1281 2508 1442 2581; x_wconf 85' lang='lat' dir='ltr'>Quin</span> <span class='ocrx_word' id='word_1_129' title='bbox 1481 2509 1599 2566; x_wconf 85' lang='lat' dir='ltr'>imo</span> <span class='ocrx_word' id='word_1_130' title='bbox 1638 2506 1868 2566; x_wconf 88' lang='lat' dir='ltr'>stellam</span> <span class='ocrx_word' id='word_1_131' title='bbox 1912 2505 1993 2563; x_wconf 84' lang='lat' dir='ltr'>uti</span> <span class='ocrx_word' id='word_1_132' title='bbox 2027 2507 2091 2563; x_wconf 88' lang='lat' dir='ltr'>in</span> 
     </span>
     <span class='ocr_line' id='line_1_23' title="bbox 375 2606 2086 2689; baseline 0.001 -24"><span class='ocrx_word' id='word_1_133' title='bbox 375 2622 581 2667; x_wconf 89' lang='lat' dir='ltr'>centro</span> <span class='ocrx_word' id='word_1_134' title='bbox 613 2615 868 2669; x_wconf 69' lang='lat' dir='ltr'>ocalinoe</span> <span class='ocrx_word' id='word_1_135' title='bbox 899 2609 1324 2687; x_wconf 72' lang='lat' dir='ltr'>animadverti,</span> <span class='ocrx_word' id='word_1_136' title='bbox 1375 2611 1436 2667; x_wconf 88' lang='lat' dir='ltr'>in</span> <span class='ocrx_word' id='word_1_137' title='bbox 1470 2623 1675 2667; x_wconf 90' lang='lat' dir='ltr'>centro</span> <span class='ocrx_word' id='word_1_138' title='bbox 1707 2606 2086 2689; x_wconf 84' lang='lat' dir='ltr'>madreporae</span> 
     </span>
     <span class='ocr_line' id='line_1_24' title="bbox 374 2710 2089 2792; baseline -0.001 -26"><span class='ocrx_word' id='word_1_139' title='bbox 374 2712 654 2792; x_wconf 82' lang='lat' dir='ltr'>conspexi</span> <span class='ocrx_word' id='word_1_140' title='bbox 699 2734 713 2787; x_wconf 80' lang='lat'><em>3</em></span> <span class='ocrx_word' id='word_1_141' title='bbox 758 2711 919 2770; x_wconf 85' lang='lat' dir='ltr'>unde</span> <span class='ocrx_word' id='word_1_142' title='bbox 980 2714 1044 2769; x_wconf 91' lang='lat' dir='ltr'>ni</span> <span class='ocrx_word' id='word_1_143' title='bbox 1089 2710 1245 2770; x_wconf 89' lang='lat' dir='ltr'>foret</span> <span class='ocrx_word' id='word_1_144' title='bbox 1295 2710 1612 2792; x_wconf 80' lang='lat' dir='ltr'>singularis</span> <span class='ocrx_word' id='word_1_145' title='bbox 1660 2731 1946 2792; x_wconf 88' lang='lat' dir='ltr'>pororum</span> <span class='ocrx_word' id='word_1_146' title='bbox 1991 2731 2089 2765; x_wconf 90' lang='lat' dir='ltr'>na-</span> 
     </span>
     <span class='ocr_line' id='line_1_25' title="bbox 373 2808 2082 2894; baseline -0.002 -25"><span class='ocrx_word' id='word_1_147' title='bbox 373 2825 540 2887; x_wconf 83' lang='lat' dir='ltr'>tura,</span> <span class='ocrx_word' id='word_1_148' title='bbox 589 2835 768 2894; x_wconf 84' lang='lat' dir='ltr'>quam</span> <span class='ocrx_word' id='word_1_149' title='bbox 831 2815 893 2871; x_wconf 89' lang='lat' dir='ltr'>in</span> <span class='ocrx_word' id='word_1_150' title='bbox 963 2818 1257 2891; x_wconf 72' lang='lat' dir='ltr'>occclincz,</span> <span class='ocrx_word' id='word_1_151' title='bbox 1304 2813 1559 2894; x_wconf 80' lang='lat' dir='ltr'>aliisque</span> <span class='ocrx_word' id='word_1_152' title='bbox 1611 2809 1927 2892; x_wconf 79' lang='lat' dir='ltr'>generibus</span> <span class='ocrx_word' id='word_1_153' title='bbox 1978 2808 2082 2867; x_wconf 86' lang='lat' dir='ltr'>de-</span> 
     </span>
     <span class='ocr_line' id='line_1_26' title="bbox 367 2910 2075 2998; baseline -0.001 -27"><span class='ocrx_word' id='word_1_154' title='bbox 367 2913 737 2989; x_wconf 79' lang='lat' dir='ltr'>sideramus,</span> <span class='ocrx_word' id='word_1_155' title='bbox 785 2914 1209 2974; x_wconf 85' lang='lat' dir='ltr'>concluderem</span> <span class='ocrx_word' id='word_1_156' title='bbox 1276 2914 1485 2998; x_wconf 86' lang='lat' dir='ltr'>procul</span> <span class='ocrx_word' id='word_1_157' title='bbox 1552 2912 1733 2971; x_wconf 84' lang='lat' dir='ltr'>dubio</span> <span class='ocrx_word' id='word_1_158' title='bbox 1764 2960 1782 2990; x_wconf 82' lang='grc'>,</span> <span class='ocrx_word' id='word_1_159' title='bbox 1829 2910 2075 2992; x_wconf 76' lang='lat' dir='ltr'>conjun-</span> 
     </span>
     <span class='ocr_line' id='line_1_27' title="bbox 376 3014 1211 3096; baseline 0.004 -25"><span class='ocrx_word' id='word_1_160' title='bbox 376 3015 570 3096; x_wconf 80' lang='lat' dir='ltr'>genda</span> <span class='ocrx_word' id='word_1_161' title='bbox 617 3038 748 3076; x_wconf 86' lang='lat' dir='ltr'>esse</span> <span class='ocrx_word' id='word_1_162' title='bbox 795 3014 923 3075; x_wconf 86' lang='lat' dir='ltr'>haec</span> <span class='ocrx_word' id='word_1_163' title='bbox 974 3040 1211 3076; x_wconf 57' lang='lat' dir='ltr'>emera.</span> 
     </span>
    </p>
   </div>
   <div class='ocr_carea' id='block_1_6' title="bbox 457 3064 2092 3198">
    <p class='ocr_par' dir='ltr' id='par_1_8' title="bbox 457 3064 2092 3198">
     <span class='ocr_line' id='line_1_28' title="bbox 972 3064 1006 3099; baseline 0 0"><span class='ocrx_word' id='word_1_164' title='bbox 972 3064 1006 3099; x_wconf 67' lang='lat' dir='ltr'>n</span> 
     </span>
     <span class='ocr_line' id='line_1_29' title="bbox 457 3115 2092 3198; baseline -0.002 -22"><span class='ocrx_word' id='word_1_165' title='bbox 457 3116 733 3178; x_wconf 85' lang='lat' dir='ltr'>Habitat.</span> <span class='ocrx_word' id='word_1_166' title='bbox 763 3167 774 3177; x_wconf 92' lang='lat'><strong>.</strong></span> <span class='ocrx_word' id='word_1_167' title='bbox 804 3118 1049 3180; x_wconf 84' lang='lat' dir='ltr'>.fossilis</span> <span class='ocrx_word' id='word_1_168' title='bbox 1079 3121 1134 3177; x_wconf 87' lang='lat' dir='ltr'>in</span> <span class='ocrx_word' id='word_1_169' title='bbox 1164 3118 1313 3179; x_wconf 87' lang='lat' dir='ltr'>colle</span> <span class='ocrx_word' id='word_1_170' title='bbox 1345 3119 1706 3179; x_wconf 84' lang='lat' dir='ltr'>Taurincnsi</span> <span class='ocrx_word' id='word_1_171' title='bbox 1728 3115 2092 3198; x_wconf 76' lang='lat' dir='ltr'>(frequens).</span> 
     </span>
    </p>
   </div>
  </div>
 </body>
</html>
