2324 3631
441 156 554 216 160

430 260 758 341 milleporis
796 302 820 327 ,
875 274 1011 314 cum
1051 255 1325 326 lunatice,
1355 249 1676 310 convenire
1725 254 1976 332 quarum
2021 248 2155 311 alia-

431 380 679 444 prorsus
714 370 804 416 est
839 352 1107 413 indoles:
1153 351 1311 410 nulla
1349 353 1550 433 itaque
1594 349 1802 434 majori
1838 353 2137 435 interpre-

433 463 660 521 tatione
708 477 971 540 egemuS‚
1015 452 1174 513 unde
1196 452 1532 536 rejiciamus
1578 451 1728 512 hanc
1754 454 2143 536 partitionem

435 587 468 624 a
499 560 734 644 generis
768 571 1009 616 auctore
1034 558 1422 638 excogitatam
1444 602 1462 631 ,
1493 576 1752 637 quaeque
1790 575 1910 613 non
1937 567 2144 636 posset

434 665 576 746 quin
621 659 1031 720 confusionem
1076 659 1353 741 gigneret
1379 703 1398 733 ,
1445 656 1711 740 alioquin
1757 654 2144 716 solertissime

435 761 692 823 vitanda.

519 865 751 925 Potiori
796 864 1031 922 ratione
1074 863 1395 923 Blainville
1466 865 1852 943 catenzporas
1900 881 2151 942 compa-

437 969 588 1028 ravit
629 969 912 1048 stylinis3
957 986 1069 1024 nec
1116 986 1237 1023 non
1284 966 1737 1046 syringopor‘is3
1784 977 1845 1022 et
1889 982 1964 1021 ne
2011 961 2147 1044 quis

441 1068 725 1129 defendat
774 1089 911 1126 cum
953 1066 1324 1125 meandrinis
1354 1066 1551 1148 potius
1582 1065 1809 1148 aptari3
1838 1085 1979 1122 nam
2005 1062 2155 1122 licet

442 1171 598 1231 adsit
642 1168 986 1230 tubulorum
1029 1169 1341 1242 connexiO,
1374 1181 1576 1226 tamen
1621 1164 1941 1225 videndum
1987 1187 2059 1225 an
2091 1163 2154 1225 id

441 1274 648 1335 caeteri
676 1270 1050 1331 characteres
1091 1269 1456 1352 permittant.
1483 1268 1615 1326 Alia
1651 1269 1890 1326 ratione
1929 1266 2149 1327 resolvi

443 1375 576 1436 haec
606 1373 853 1455 quaestio
893 1393 1013 1429 non
1050 1383 1273 1452 potest,
1321 1392 1498 1451 quam
1545 1367 1905 1447 definiendo,
1950 1382 2152 1428 utrum

444 1496 663 1559 reapse
707 1474 961 1532 invicem
992 1472 1240 1529 interius
1281 1469 1468 1528 tubuli
1514 1468 1860 1530 cohaereant
1903 1491 2015 1530 nec
2061 1492 2159 1548 ne,

443 1580 494 1638 si
539 1576 684 1636 tanti
733 1574 1020 1633 momenti
1068 1571 1295 1631 decisio
1343 1569 1631 1647 deficiat,
1674 1569 1824 1630 nihil
1867 1573 2000 1649 erit,
2048 1596 2157 1633 cur

444 1682 768 1740 Blainville
817 1676 1159 1758 opinionem
1209 1672 1574 1733 deseramus.
1647 1673 1785 1732 Hoc
1842 1675 2022 1734 etiam
2068 1674 2152 1735 di-

445 1778 823 1843 scutiendum
889 1789 1212 1859 superest,
1260 1797 1404 1833 num
1481 1797 1861 1857 unaquaeque
1943 1776 2153 1839 cellula

445 1884 766 1968 proprium
834 1876 1281 1961 receptaculum
1349 1874 1636 1959 cujusque
1683 1876 1888 1961 polypi
1935 1882 2155 1939 consti-

445 1999 613 2062 tuat,
671 2006 743 2042 an
815 2003 955 2040 vero
1021 1994 1279 2064 systema
1325 1979 1653 2062 plurimum
1699 1979 2006 2040 stellarum
2050 1984 2152 2042 uni

445 2087 670 2172 polypo
718 2083 1052 2143 conveniat.

535 2190 783 2247 Certum
827 2187 888 2244 in
934 2185 1141 2268 primis
1183 2196 1294 2261 est,
1340 2184 1597 2244 exterius
1645 2205 1765 2243 non
1809 2182 2021 2245 adesse
2066 2184 2156 2246 fo-

449 2293 699 2367 ramina,
746 2311 880 2372 quae
929 2290 1063 2371 quis
1119 2288 1179 2345 in
1223 2291 1576 2370 catempora
1610 2290 1966 2370 conspicere
2013 2311 2157 2349 con-

453 2392 703 2470 tendit,
774 2390 912 2450 hinc
973 2390 1321 2450 constitutio
1385 2387 1552 2471 hujus
1610 2391 1844 2471 generis
1908 2388 2160 2450 mirifice

456 2517 592 2556 cum
619 2496 945 2554 sarcinulis
971 2493 1277 2566 convenit3
1308 2505 1718 2548 verumtamen
1742 2490 1939 2551 stellas
1969 2513 2161 2575 usque

454 2619 612 2656 nunc
659 2593 1149 2654 desiderabamus
1197 2594 1256 2650 in
1299 2596 1662 2675 cateniporis
1694 2639 1712 2668 ,
1767 2614 1885 2674 qua
1927 2595 2161 2654 ratione

454 2713 655 2758 motus
697 2695 1004 2756 Lamarclc
1033 2743 1050 2770 ,
1121 2708 1181 2753 et
1236 2695 1338 2776 qui
1396 2716 1532 2752 eum
1594 2696 1782 2753 secuti
1831 2709 2022 2773 sunt,
2065 2717 2163 2754 ea·

451 2805 790 2882 temporam
843 2797 1127 2879 mbipor‘is
1175 2795 1631 2877 adjudicavere,
1676 2795 1890 2877 quibus
1943 2817 2160 2879 reapse

456 2903 643 2984 magis
669 2900 995 2983 pertinere,
1020 2920 1199 2979 quam
1232 2899 1568 2979 pertineant
1599 2896 1672 2955 ad
1692 2902 2057 2974 sarcinulam,
2090 2916 2161 2957 ex

459 3001 804 3061 tubulorum
826 3015 1034 3059 natura
1067 2999 1415 3058 ducebatur.
1449 2999 1697 3080 Regerit
1736 3013 1934 3057 tamen
1956 3000 2164 3058 Blain-

460 3108 613 3179 ville,
652 3117 831 3184 atque
870 3124 1036 3162 suam
1076 3102 1427 3184 opinionem
1466 3098 1921 3159 confirmaturus
1956 3102 2053 3176 ait3
2098 3120 2163 3160 se

465 3227 534 3264 eo
601 3203 858 3285 denique
912 3205 1279 3286 pervenisse,
1325 3216 1388 3261 ut
1432 3201 1693 3261 lamellas
1741 3198 1813 3260 ad
1860 3201 2164 3260 radiorum

465 3304 909 3366 similitudinem
967 3307 1329 3388 compositas
1387 3304 1762 3385 conspexerit
1817 3305 1875 3363 in
1932 3307 2161 3363 cateni-
