2324 3631
415 217 529 300 196

403 319 620 401 spicies
654 366 670 394 7
727 339 860 398 quae
931 314 1339 395 frequentius,
1385 311 1556 372 aliam
1603 316 1827 396 pariter
1872 314 2104 398 prolem

401 421 757 501 priusquam
802 429 1155 497 rumpatur,
1206 415 1434 472 emittit.

493 520 803 577 «Gemma
848 515 1115 597 undique
1162 515 1357 574 clausa
1405 518 1664 597 primum
1731 515 1926 575 mollis
1975 531 2102 577 est:

402 621 672 702 aperitur
718 618 888 693 dein,
937 630 995 676 et
1040 615 1356 699 polypum,
1403 618 1623 675 sensim
1671 614 2107 699 perficiendum

355 721 622 801 rexerit,
670 740 788 800 quo
835 716 1056 792 adult0,
1104 716 1368 775 durescit
1393 718 1613 776 sensim
1640 716 1878 788 cellula,
1926 731 2105 799 atque

403 819 674 879 eselzarce
720 818 1114 879 substantiam
1154 820 1476 877 continuat.

486 943 515 975 ι(
545 920 1073 1002 Lapidescentium
1119 915 1515 979 esclzararum
1544 920 1844 1002 margines
1883 921 2108 1003 imper-

395 1020 577 1080 fectas
605 1022 828 1104 ubique
853 1021 1122 1097 cellulas,
1147 1021 1478 1080 loculorum
1511 1034 1856 1102 apertorum
1880 1021 2105 1081 similes

396 1125 634 1197 sistunt,
682 1137 890 1204 utpote
938 1145 1186 1204 quarum
1226 1123 1489 1180 anterior
1535 1120 1851 1204 perficiens
1899 1144 2041 1207 pars
2085 1168 2103 1197 ‚

401 1247 533 1305 quae
579 1224 768 1283 mollis
817 1223 1008 1282 adhuc
1040 1223 1262 1300 fuerat,
1308 1226 1712 1282 maceratione
1759 1226 1958 1307 periit,
2006 1246 2111 1307 po·

401 1328 549 1383 stica
594 1327 853 1407 pariete,
902 1347 1080 1405 quam
1112 1324 1202 1382 hic
1236 1327 1493 1406 primam
1531 1325 1896 1384 solidescere
1942 1346 2108 1384 com-

405 1441 643 1508 pertum
692 1440 821 1499 est,
865 1439 926 1483 et
971 1439 1281 1506 septorum
1327 1440 1498 1506 parte
1551 1440 1782 1483 tantum
1829 1427 2110 1507 superstiss

402 1526 591 1588 tibus;
638 1527 995 1609 plerumque
1022 1525 1379 1606 marginales
1408 1524 1632 1584 cellulae
1674 1525 1929 1608 simplici
1975 1539 2101 1585 tan-

400 1642 525 1685 tum
559 1675 575 1702 ,
622 1626 918 1708 gemmula
966 1625 1257 1707 producta
1304 1627 1521 1684 seriem
1568 1628 1932 1685 continuant.

490 1730 783 1787 «Passim
847 1749 986 1786 vero
1035 1727 1368 1809 duplicem,
1416 1741 1473 1785 at
1519 1749 1638 1785 non
1698 1725 1910 1786 eodem
1957 1726 2108 1786 tem-

397 1852 546 1912 pore
596 1829 941 1912 propullare
989 1829 1315 1909 gemmulas
1346 1828 1582 1905 videaS,
1629 1851 1880 1909 quarum
1926 1828 2111 1887 altera

398 1953 706 2011 nunquam
752 1929 1039 2013 perfectae
1089 1929 1313 1987 cellulae
1339 1928 1612 2004 formam,
1648 1943 1746 1986 aut
1784 1928 2001 1988 molem
2047 1952 2108 1986 a·

403 2032 717 2114 dipiscitur
750 2080 766 2108 ,
814 2054 1024 2090 novam
1094 2045 1294 2089 tamen
1368 2029 1712 2087 cellularum
1760 2031 1977 2088 seriem
2020 2030 2110 2087 in-

402 2132 613 2208 clioat3
653 2131 813 2191 unde
858 2131 1129 2214 plurimis
1178 2129 1314 2188 hinc
1361 2129 1498 2188 inde
1549 2130 1650 2188 tali
1695 2130 1874 2189 modo
1921 2133 2109 2190 inter-

402 2234 605 2293 calatis
681 2233 947 2292 seriebus
979 2281 994 2308 ,
1067 2234 1326 2313 antiquae
1397 2231 1706 2314 divergere
1785 2230 2063 2293 videntur
2093 2281 2110 2308 ,

404 2337 676 2416 quamvis
723 2334 848 2393 fere
897 2333 1195 2416 parallelae
1227 2332 1580 2409 decurrant,
1627 2348 1805 2414 atque
1853 2334 1936 2391 sic
1984 2356 2113 2391 cru-

403 2451 492 2495 sta
535 2436 807 2495 eSClzat‘oe
853 2437 1075 2493 sensim
1151 2436 1206 2491 in
1253 2433 1538 2514 majorem
1586 2432 1940 2515 expanditur
1983 2432 2108 2492 lati-

405 2537 690 2595 tudinem.
739 2539 934 2609 Quum
981 2550 1178 2594 autem
1226 2557 1356 2615 quae
1389 2558 1560 2596 novae
1603 2532 1908 2616 prodeunt
1947 2556 2114 2616 gem-

401 2638 577 2700 mulae
613 2687 629 2714 ,
678 2661 982 2719 nunquam
1027 2636 1356 2695 naturalem
1405 2635 1875 2718 magnitudinem
1923 2635 2111 2718 adipi-

405 2740 676 2812 scantur,
724 2737 789 2796 fit
833 2754 893 2796 ut
935 2760 1098 2799 novae
1144 2740 1315 2796 seriei
1366 2738 1803 2820 subsequentes
1856 2737 2111 2814 cellulae,

407 2843 704 2920 comparis
753 2841 930 2898 seriei
995 2838 1220 2897 cellulis
1284 2839 1524 2898 alternae
1574 2838 1906 2897 accubent:
1957 2837 2110 2897 unde

407 2944 466 2997 in
511 2940 781 3000 esclzczris
853 2940 975 2999 fere
1051 2941 1326 2999 omnibus
1395 2940 1593 2999 oscula
1660 2939 2001 2998 cellularum
2051 2942 2112 2998 in

409 3043 774 3122 quincunces
823 3041 1108 3123 disposita
1155 3041 1499 3101 naturaliter
1545 3056 1679 3100 sunt
1707 3042 1819 3121 (ι).

425 3276 492 3329 (1)
526 3279 683 3318 Pallas.
719 3277 935 3318 Eia-nehus
970 3279 1153 3332 zoophit.
1190 3293 1285 3333 pag.
1326 3278 1387 3329 3sp
1424 3287 1465 3318 ει
1496 3292 1581 3331 sets.
