2324 3631
779 307 1324 368 SARGINULA
1809 232 1890 291 99

508 480 785 520 LAMARCK
808 508 825 538 2
871 483 1090 523 CUVIER
1113 509 1130 539 2
1177 482 1582 521 SCHEWEIGER.

232 615 629 674 Columnaria
649 664 652 665 ν
673 613 944 697 Goldqu.
985 613 1433 676 Liclzostrotion
1476 615 1848 674 Parlsinson.

182 787 517 854 Polyparium
553 783 815 854 lapideum
861 786 1075 835 liberum
1105 824 1118 850 ,
1160 801 1380 835 massam
1407 787 1683 854 simplicem
1711 827 1724 850 ,
1760 804 1880 836 cru-

252 884 381 922 stam
403 911 416 937 ,
455 891 481 921 e
518 873 647 922 tubis
683 875 868 923 coactis
903 875 1222 923 constitutam
1251 912 1263 937 ,
1299 875 1484 923 sistens.

188 960 378 1009 Tubuli
397 961 612 1027 plurimi
637 1000 650 1025 ,
670 961 954 1029 paralleli,
992 962 1250 1010 verticales
1277 961 1354 1009 vel
1379 963 1702 1027 prysmatici,
1722 962 1890 1024 fasci-

252 1047 461 1096 culatim
487 1050 768 1115 aggregati3
805 1050 951 1117 septis
979 1047 1284 1097 intermediis
1296 1059 1343 1097 et
1378 1058 1654 1097 transverse
1691 1051 1890 1097 coactis.

273 1221 486 1302 Usque
550 1242 709 1280 nunc
756 1242 825 1280 ea
883 1220 1193 1303 polyparia
1239 1219 1584 1280 describere
1629 1223 1898 1303 aggressi

184 1342 385 1381 sumus
408 1369 426 1398 ,
463 1322 513 1380 si
555 1320 1047 1403 caryoplzylliam
1093 1323 1392 1404 excipias,
1441 1343 1573 1403 quae
1620 1321 1897 1381 libertate

184 1422 440 1506 praedita
478 1471 495 1500 ,
541 1444 765 1504 suaque
826 1422 1038 1482 cellula
1084 1437 1366 1482 contenta
1394 1470 1410 1498 ,
1475 1445 1592 1481 non
1640 1445 1898 1482 massam

193 1523 475 1585 exhibent
501 1574 518 1601 ,
564 1524 671 1584 sed
713 1524 964 1606 simplex
996 1546 1212 1606 corpus
1257 1523 1526 1583 indicant
1559 1548 1572 1599 3
1613 1547 1768 1584 nunc
1818 1524 1893 1584 de

188 1627 306 1702 iis,
367 1628 428 1683 in
474 1624 688 1707 quibus
748 1624 841 1683 hic
917 1624 1066 1683 ordo
1114 1624 1457 1684 cellularum
1521 1628 1893 1708 conspicitur

193 1726 345 1785 adeo
392 1725 717 1807 frequens,
762 1739 828 1783 ut
872 1725 1056 1783 stellae
1090 1723 1330 1784 adnexae
1362 1724 1677 1784 videantur
1718 1749 1898 1809 pecu—

191 1826 323 1885 liari
369 1826 745 1886 dimensione
777 1874 793 1903 ,
842 1839 901 1884 et
946 1823 1136 1907 figura
1181 1825 1446 1901 donatae,
1491 1826 1653 1886 unde
1717 1850 1897 1909 gene-

185 1950 320 1987 rum
364 1927 571 1987 divisio
619 1926 951 1987 deducitur.

271 2031 403 2103 Qua
443 2028 686 2111 quidem
740 2031 799 2087 in
854 2051 920 2088 re
979 2030 1274 2088 monitum
1303 2028 1526 2106 [uelim,
1567 2049 1640 2087 ne
1679 2028 1793 2088 hoc
1830 2051 1898 2087 u-

194 2153 338 2190 num
383 2133 658 2190 sufficere
689 2179 707 2208 ,
762 2145 825 2191 ut
873 2130 1127 2213 proinde
1186 2131 1276 2190 vel
1323 2132 1564 2205 omnia,
1625 2153 1762 2213 quae
1826 2133 1897 2190 si-

189 2232 393 2292 milem
443 2231 749 2292 stellarum
793 2235 1016 2292 seriem
1055 2232 1337 2291 exhibent
1380 2235 1441 2290 in
1478 2254 1663 2290 unum
1708 2254 1894 2310 genus

189 2354 621 2416 componamus
648 2382 665 2411 ,
710 2333 808 2394 vel
853 2335 1184 2393 innumerae
1225 2333 1544 2393 divisiones
1594 2335 1896 2408 oriantur,

196 2455 335 2515 quae
367 2435 687 2494 involutam
733 2436 919 2516 magis
964 2433 1419 2517 Zooplzytorum
1455 2433 1705 2494 classem
1743 2457 1901 2492 com-

190 2537 688 2617 parationemque
745 2535 1046 2612 reddunt,
1106 2538 1187 2594 ita
1242 2538 1291 2594 si
1345 2538 1611 2618 priorem
1656 2533 1895 2595 sen‘ten-

194 2637 338 2693 tiam
393 2657 761 2716 sequemur,
827 2635 971 2694 nihil
1017 2636 1274 2718 reliqui,
1349 2636 1602 2719 exempli
1667 2639 1897 2719 gratia,

197 2758 378 2818 quam
422 2738 580 2795 inter
609 2751 826 2799 caetera
875 2742 1243 2810 alveolitem,
1292 2752 1350 2797 et
1370 2738 1731 2820 favositem,
1778 2739 1895 2796 imo

192 2850 252 2896 et
295 2837 638 2919 tabiporam
676 2837 1068 2920 conjungere,
1117 2839 1452 2921 eodemque
1499 2840 1739 2897 nomine
1780 2860 1898 2895 am·
1943 2866 1959 2879 ·

187 2937 409 3019 plecti3
458 2962 488 2998 e
536 2962 823 2999 converso
872 2943 918 3000 si
968 2940 1205 3022 plureS,
1254 2955 1312 2999 et
1350 2942 1549 3002 nimiae
1597 2941 1895 2998 sectiones

191 3038 453 3114 amabis,
500 3040 724 3099 nullum
782 3040 1063 3119 dubium,
1111 3044 1255 3123 quin
1314 3055 1580 3117 astroeoe,
1624 3043 1896 3123 ipsaeque

189 3145 510 3200 sarcinula2
558 3155 617 3201 et
670 3147 944 3225 pavonioe
988 3156 1080 3202 tot
1123 3143 1365 3201 nomina
1403 3163 1690 3224 generum
1736 3141 1893 3199 reci-

188 3261 336 3321 pere
383 3241 717 3320 deberent,
787 3259 938 3326 quot
1000 3245 1231 3326 species
1284 3242 1493 3304 adesse
1561 3243 1886 3324 scriptores
