2324 3631
1786 183 1904 243 203

206 285 544 343 innumeras
576 281 896 342 relationes
935 283 1139 342 colunt
1164 331 1182 359 ,
1229 280 1570 342 concredita
1600 294 1736 340 sunt
1773 305 1907 364 quae

209 382 283 443 de
330 386 626 443 anatomia
671 381 1030 466 polyporum
1075 385 1406 464 requirunt.

290 485 488 558 Quum
533 499 729 543 autem
787 485 937 544 mihi
984 487 1401 566 proposuerim
1457 483 1780 543 observare
1828 496 1909 542 te-

208 584 818 667 gumentacalcarea,
867 607 997 666 quae
1042 586 1099 642 in
1134 587 1306 644 tertio
1353 584 1706 668 cataclysmo
1752 586 1910 642 inve-

207 688 490 757 niuntur,
518 685 726 744 licebit
763 686 1076 767 quidpiam
1108 686 1389 745 adnotare
1430 686 1502 745 de
1543 709 1748 745 eorum
1788 687 1912 769 opi-

208 789 406 861 nione,
455 788 556 868 qui
594 787 750 845 inter
792 785 1111 846 escharam
1135 787 1506 865 etflzestram
1530 789 1766 869 generis
1809 786 1914 847 dif-

209 888 522 947 ferentiam
568 887 778 947 adesse
825 887 1215 946 contendunt.

293 991 489 1070 Atque
535 990 594 1046 in
643 990 871 1070 primis,
920 989 1130 1046 nullibi
1177 987 1326 1047 hanc
1363 987 1754 1048 differentiam
1800 1011 1913 1049 nec

209 1090 366 1149 facto
425 1090 668 1171 quidem
732 1090 1038 1149 inductam
1094 1089 1274 1148 fuisse
1339 1092 1624 1173 reperiO,
1689 1092 1807 1148 imo
1854 1103 1916 1148 et

215 1193 347 1274 ipse
392 1194 640 1266 Pallas,
699 1193 758 1249 in
804 1191 912 1250 hac
955 1213 1020 1249 re
1068 1191 1530 1250 studiosissimus
1570 1239 1590 1263 ,
1617 1192 1917 1269 flastram

211 1292 474 1375 adjunxit
514 1293 808 1369 escharz's3
841 1294 941 1366 ita,
987 1307 1052 1351 ut
1080 1294 1211 1375 ipse
1240 1291 1922 1370 collocaveritflzcstram

193 1394 532 1476 foliaccam
578 1396 735 1454 inter
797 1394 1085 1453 escharas
1131 1395 1225 1473 (ι)
1286 1409 1466 1476 atque
1529 1396 1589 1452 in
1631 1408 1920 1453 truncata

185 1495 424 1574 flastra
472 1498 777 1578 agnoverit
822 1495 1138 1555 oscharam
1177 1519 1188 1554 :
1235 1498 1364 1578 pari
1401 1495 1582 1555 modo
1628 1498 1918 1555 Linnoeus

215 1595 353 1655 dixit
370 1596 638 1675 flastras
671 1599 875 1656 omnia
899 1596 1227 1680 polyparia,
1278 1620 1406 1679 quae
1449 1600 1661 1657 Pallas
1693 1620 1922 1657 nuncu-

213 1714 459 1784 paverat
501 1698 808 1772 escharas‚
854 1698 1013 1756 unde
1062 1698 1243 1758 habes
1294 1698 1454 1782 apud
1497 1701 1692 1782 ipsum
1722 1748 1739 1775 ‚
1787 1721 1920 1781 quae

214 1801 729 1862 indiscriminatim
763 1800 837 1859 ad
867 1815 1187 1884 utrumque
1226 1823 1410 1883 genus
1443 1803 1749 1884 pertinere
1780 1823 1915 1884 pos-

229 1918 365 1964 sunt
409 1904 524 1984 (2).

295 2008 538 2064 Variam
566 2003 674 2065 hac
705 2005 777 2064 de
807 2026 872 2064 re
899 2019 1134 2064 secutus
1161 2019 1252 2064 est
1286 2003 1657 2089 disciplinam
1689 2006 1921 2087 Esper,

217 2110 318 2190 qui
363 2107 653 2167 escharas
686 2106 864 2165 modo
906 2109 1062 2165 inter
1104 2113 1452 2189 cellcporas
1479 2153 1496 2180 ‚
1544 2105 1724 2165 modo
1773 2109 1930 2166 inter

218 2215 559 2293 milleporas
591 2208 841 2290 jactavit.
909 2210 1079 2283 Quod
1109 2223 1305 2268 autem
1337 2210 1601 2291 pertinet
1629 2208 1702 2267 ad
1741 2229 1925 2292 genus

218 2311 488 2370 escharoe
518 2360 534 2388 ‚
601 2313 724 2386 ait,
771 2313 972 2394 inepte
1032 2314 1277 2386 Pallas,
1339 2326 1399 2370 et
1445 2312 1605 2370 Moll
1640 2310 1927 2369 confundi

226 2415 383 2472 inter
427 2435 490 2472 se
551 2411 673 2472 haec
720 2411 834 2471 duo
882 2434 1102 2494 genera
1134 2462 1151 2490 ,
1191 2415 1331 2495 quia
1351 2413 1592 2491 flustra
1648 2411 1920 2471 flexibilis

218 2530 310 2574 est
339 2561 355 2588 ‚
404 2529 462 2573 et
488 2517 629 2597 quia
659 2514 897 2574 cellulas
926 2514 1106 2573 habet
1144 2514 1255 2573 alia
1279 2514 1469 2574 forma
1498 2512 1778 2596 praeditas
1809 2514 1924 2594 (3).

299 2618 454 2675 Huic
495 2616 897 2692 distinctioni,
945 2640 975 2674 a
1007 2618 1330 2691 Lamarclf,
1371 2618 1682 2679 memorise
1723 2615 1920 2698 juvan-

220 2720 310 2780 dae
341 2741 515 2778 causa
553 2716 939 2794 confirmatae,
971 2721 1234 2799 quamvls
1274 2720 1425 2778 veris
1467 2716 1912 2777 characteribus

220 2820 561 2902 haudquam
603 2820 886 2895 suffultae,
935 2818 1073 2877 nihil
1118 2822 1482 2879 Lamoroax
1515 2818 1917 2900 adjiciendum

220 2924 471 3006 putavit,
519 2923 618 3003 qui
648 2921 1008 2980 definitionis
1036 2945 1065 2979 a
1110 2923 1413 2982 Lamat‘ch
1440 2920 1708 3005 praeditae
1749 2922 1926 2979 unice

247 3106 315 3161 (1)
350 3108 498 3148 Pallas
521 3140 530 3158 ‚
572 3108 792 3147 Elenchus
825 3108 989 3162 Zooph.
1021 3121 1120 3162 pag.
1154 3108 1202 3147 51
1237 3114 1279 3147 ct
1307 3107 1361 3147 56
1391 3112 1469 3148 etc.

241 3179 309 3235 (2)
341 3179 531 3233 Systcm.
567 3188 733 3221 naturae
774 3188 888 3222 auct.
922 3182 1052 3222 Linn.
1087 3181 1183 3221 vide
1201 3181 1353 3236 flustr.

235 3253 302 3307 (3)
335 3255 508 3310 Exper7
544 3255 873 3296 Pilanzenthier.
907 3264 1001 3295 tom.
1041 3270 1054 3295 1
1089 3270 1187 3311 pag.
1228 3255 1314 3307 145,
