2324 3631
1761 223 1867 284 ¹97

258 320 284 351 u
317 295 386 353 In
433 293 648 356 osculis
697 306 893 354 autem
940 295 1317 370 cellularum,
1368 300 1564 380 pergit
1610 301 1818 360 Pallas
1850 351 1870 373 ,

162 396 470 455 observari
498 396 666 456 solet
710 394 868 454 bulla
895 396 1121 456 cellulae
1149 400 1297 458 ostio
1324 399 1640 459 imminens
1659 449 1678 477 ,
1731 401 1869 460 suh-

157 501 384 558 stantiae
429 498 697 556 esclzaroe
729 519 1056 578 omogenea
1103 514 1161 557 et
1199 501 1494 558 continua.
1529 501 1650 580 <De
1691 524 1861 584 oper-

156 598 287 657 culo
332 598 540 681 procul
586 597 767 657 dubio
790 601 1156 657 mentionem
1185 623 1365 681 agens
1390 603 1662 661 Br‘lozois
1711 626 1873 662 com-

158 701 395 779 mune).
441 701 575 758 Hoc
625 700 977 781 operculum
1023 716 1199 760 certae
1255 706 1412 761 aetati
1471 703 1691 762 cellulis
1766 705 1870 762 cle-

171 823 334 859 mum
377 802 543 859 nasci
588 799 726 858 inde
773 814 967 881 patet,
1017 801 1177 881 quod
1222 803 1281 859 in
1314 803 1534 862 cellulis
1582 803 1867 864 medianis

157 903 409 960 maxime
446 903 506 958 in
553 901 986 982 antiquioribus
1020 901 1404 980 observatur>
1450 926 1755 985 nunquam
1785 905 1861 964 acl

156 1002 489 1084 marginem
533 1003 937 1060 recentiorum
976 1001 1338 1062 cellularum.
1387 1030 1414 1062 n

251 1105 434 1161 Hisce
494 1126 526 1159 a
570 1105 780 1161 Pallas
825 1103 1025 1161 relatis
1075 1103 1270 1184 aliqua
1317 1105 1685 1186 subjicienda
1731 1122 1868 1165 sunt

165 1227 198 1261 a
247 1205 445 1263 Grant
491 1208 626 1280 (1),
671 1207 920 1274 Liscer,
964 1205 1297 1275 Azcdozcz‘n,
1344 1205 1702 1284 Schweiger
1746 1211 1785 1281 (
1777 1211 1862 1287 2),

163 1303 411 1385 aliisque
479 1318 688 1363 notatu
756 1303 1099 1385 dignissima
1135 1354 1151 1380 ,
1199 1328 1330 1387 quae
1384 1306 1722 1388 complexus
1775 1322 1867 1366 est

161 1406 686 1466 Mane-Edwards
718 1405 777 1462 in
809 1407 1070 1464 auctario
1092 1408 1250 1465 circa
1264 1429 1412 1487 opus
1426 1409 1728 1467 Lamarclc
1742 1409 1780 1483 (
1779 1409 1861 1488 3).

171 1715 240 1772 (1)
272 1714 574 1769 Philosophic.
606 1715 796 1768 journal.
830 1716 887 1755 of.
922 1717 994 1756 cic.
1015 1717 1121 1756 loco.

175 1789 253 1843 (2)
284 1789 536 1830 Handbuch
567 1789 644 1829 der
673 1795 857 1841 naturge
889 1790 1095 1830 schichte.
1128 1787 1220 1830 vid.
1255 1805 1406 1845 genus,

171 1862 242 1918 (3)
271 1862 341 1904 En
376 1863 480 1903 1828
510 1864 640 1918 Moy,
673 1861 881 1902 Audoain
911 1870 954 1903 et
970 1863 1058 1903 moi
1076 1877 1205 1903 avons
1236 1865 1427 1904 constate
1459 1863 1704 1905 l’existence
1735 1863 1865 1907 d'une

280 1943 513 1977 ouverture
544 1935 667 1976 anale
697 1936 832 1977 situe'e
862 1936 959 1990 pres
1007 1937 1058 1978 de
1088 1937 1352 1977 l'extremite
1388 1938 1504 1978 orale
1545 1939 1603 1979 du
1635 1953 1761 1993 corps
1792 1942 1864 1981 des

275 2011 482 2061 flustres,
516 2016 557 2049 et
586 2024 695 2049 nous
726 2023 856 2049 avons
887 2010 1048 2063 signale'
1079 2011 1306 2065 l’analogie
1336 2010 1413 2066 qui
1442 2011 1572 2052 existe
1602 2019 1723 2054 entre
1752 2014 1847 2053 leur

279 2090 499 2124 structure
529 2090 570 2122 et
586 2083 691 2123 celle
721 2084 793 2122 des
808 2082 1007 2124 Ascidies
1038 2085 1313 2138 compose'es3
1348 2099 1442 2125 vers
1463 2086 1503 2125 la
1533 2085 1668 2126 meme
1701 2087 1866 2141 <Speque

278 2155 505 2197 Monsieur
526 2157 666 2196 Grani
688 2171 710 2195 a
729 2156 872 2195 deerit
902 2157 1015 2196 aussi
1034 2158 1074 2196 la
1091 2157 1348 2210 disposition
1368 2158 1564 2212 gencrale
1594 2160 1646 2199 dc
1664 2160 1759 2199 leur
1789 2175 1864 2199 ca-

278 2229 365 2270 vitei
397 2229 664 2281 intestinale,
699 2229 806 2269 mais
835 2244 930 2269 sans
962 2231 1105 2283 parler
1136 2232 1195 2271 du
1225 2232 1350 2284 point
1379 2231 1454 2285 qui
1486 2246 1594 2271 nous
1625 2233 1783 2272 semble
1812 2232 1859 2272 ὃ-

285 2309 352 2344 tre
397 2303 436 2342 16
466 2302 562 2356 plus
594 2301 861 2356 important,
896 2302 1062 2343 saveir:
1098 2304 1138 2343 13
1170 2305 1329 2344 double
1361 2311 1597 2345 ouverture
1628 2306 1679 2346 de
1711 2320 1758 2345 oe
1787 2320 1861 2346 ca-

277 2377 369 2417 nal:
390 2375 526 2427 enfin,
546 2376 715 2416 l’annee
731 2376 930 2416 derniere
944 2409 953 2427 ⁷
973 2376 1036 2417 M.
1069 2377 1213 2416 Lz'ster
1235 2393 1258 2416 a
1274 2378 1539 2431 pleinement
1557 2377 1765 2418 confirme
1783 2393 1861 2418 nos

280 2449 513 2504 premieres
532 2449 827 2490 observations
840 2482 849 2500 ,
878 2457 918 2490 et
936 2464 1044 2489 nons
1071 2464 1200 2491 avons
1218 2450 1493 2491 nous-meme
1526 2452 1718 2491 constat&
1738 2452 1858 2505 quel-

279 2537 381 2577 ques
390 2522 488 2562 saits
499 2537 726 2564 nouveaux
738 2524 950 2563 touchant
961 2524 998 2563 le
1009 2524 1133 2563 mode
1146 2523 1486 2577 d’organisation
1504 2525 1556 2564 dc
1574 2539 1641 2564 ces
1653 2523 1870 2564 animauxi

279 2595 343 2636 La
373 2596 528 2636 cellule
551 2611 633 2650 que
649 2594 740 2636 l⁷on
770 2596 995 2637 considere
1026 2597 1344 2651 ge'ne'ralement
1373 2611 1538 2637 comme
1563 2612 1647 2637 une
1677 2604 1790 2638 sorte
1808 2598 1861 2638 de

278 2684 415 2724 coque
445 2669 687 2710 exterieure
704 2676 746 2710 et
763 2669 1074 2725 inorganiqne,
1108 2671 1218 2711 11³est
1249 2677 1371 2711 autre
1404 2671 1530 2711 chose
1562 2669 1724 2724 qu’une
1753 2685 1857 2724 por-

282 2743 377 2783 tion
408 2743 481 2783 des
512 2743 734 2796 tegumens
784 2745 836 2783 (16
866 2741 1067 2784 l'animal
1090 2777 1099 2794 ,
1134 2743 1211 2798 qui
1235 2777 1244 2795 7
1278 2745 1384 2785 dans
1434 2745 1471 2783 la
1503 2746 1690 2798 majeure
1718 2743 1856 2797 partic

281 2817 443 2857 ‹lc-son
478 2817 661 2857 e'tendue
685 2849 695 2867 ,
729 2823 791 2857 est
820 2816 1027 2856 encroiite
1058 2819 1109 2858 (16
1140 2820 1374 2858 carbonate
1418 2818 1470 2857 de
1502 2818 1645 2857 chaux
1667 2850 1677 2869 ⁷
1710 2817 1785 2871 qui
1815 2831 1856 2856 se

281 2889 486 2930 continue
538 2904 633 2929 sans
664 2889 962 2943 interruption
993 2903 1093 2931 avec
1134 2891 1175 2930 la
1222 2891 1470 2931 membrano
1508 2897 1681 2931 externe
1731 2890 1782 2930 de
1812 2889 1853 2929 la

281 2964 458 3017 portion
487 2964 617 3004 molle
647 2970 689 3003 et
719 2964 939 3004 retractilc
971 2965 1043 3004 des
1073 2965 1258 3018 polypes.

336 3036 409 3078 On
437 3044 542 3091 peut
581 3052 806 3091 comparer
850 3044 959 3078 cette
1008 3037 1192 3091 tunique
1222 3045 1394 3079 externe
1415 3071 1424 3089 ‚
1470 3052 1542 3076 ow
1565 3043 1766 3077 manteau
1787 3069 1797 3087 ‚
1830 3037 1853 3075 a

284 3124 346 3149 un
375 3110 496 3165 doigt
527 3112 578 3151 de
612 3118 713 3164 gant
742 3112 851 3152 dont
871 3112 910 3150 la
932 3111 1030 3151 base
1051 3112 1264 3165 tronquee
1286 3110 1418 3152 serait
1438 3111 1644 3151 entoure'e
1673 3124 1750 3164 par
1780 3109 1851 3148 des

285 3184 521 3223 tentaeules
553 3191 594 3225 et
625 3185 825 3238 pourrait
856 3190 1025 3225 rentrer
1056 3185 1160 3225 dans
1208 3185 1247 3224 13
1280 3184 1456 3239 portion
1487 3184 1712 3225 terminale
1731 3216 1741 3235 ⁷
1778 3180 1854 3236 qui

284 3256 412 3297 serait
447 3258 637 3299 devenuc
676 3258 895 3300 inflexible
943 3274 1018 3313 par
1069 3259 1107 3300 le
1158 3258 1290 3313 «tepet
1329 3258 1380 3300 de
1411 3259 1594 3313 quelque
1625 3258 1851 3299 substance
